|j|вҳҶAlisyem
|j|вҳҶBlackStar150520
|t:|1781314088
|gametype|singles
|player|p1|Alisyem|palmer|1618
|player|p2|BlackStar150520|unknown|1736
|gen|9
|tier|[Gen 9] OU
|rated|
|rule|HP Percentage Mod: HP is shown in percentages
|rule|Endless Battle Clause: Forcing endless battles is banned
|rule|Species Clause: Limit one of each PokГ©mon
|rule|OHKO Clause: OHKO moves are banned
|rule|Evasion Items Clause: Evasion items are banned
|rule|Evasion Moves Clause: Evasion moves are banned
|rule|Evasion Abilities Clause: Evasion abilities are banned
|rule|Sleep Moves Clause: Sleep-inducing moves are banned
|clearpoke
|poke|p1|Cinderace, M|
|poke|p1|Raging Bolt|
|poke|p1|Great Tusk|
|poke|p1|Ninetales, F|
|poke|p1|Ceruledge, M|
|poke|p1|Deoxys-Speed|
|poke|p2|Great Tusk|
|poke|p2|Samurott-Hisui, M|
|poke|p2|Dragapult, M|
|poke|p2|Raging Bolt|
|poke|p2|Kingambit, M|
|poke|p2|Heatran, M|
|teampreview
|inactive|Battle timer is ON: inactive players will automatically lose when time's up. (requested by BlackStar150520)
|
|t:|1781314105
|teamsize|p1|6
|teamsize|p2|6
|start
|switch|p1a: Cinderace|Cinderace, M|100/100
|switch|p2a: Zanpakuto|Samurott-Hisui, M|100/100
|turn|1
|
|t:|1781314111
|move|p1a: Cinderace|U-turn|p2a: Zanpakuto
|-supereffective|p2a: Zanpakuto
|-damage|p2a: Zanpakuto|35/100
|
|t:|1781314119
|switch|p1a: Great Tusk|Great Tusk|100/100|[from] U-turn
|move|p2a: Zanpakuto|Aqua Cutter|p1a: Great Tusk
|-supereffective|p1a: Great Tusk
|-damage|p1a: Great Tusk|42/100
|
|upkeep
|turn|2
|j| TheSacredJackalвЁ•
|
|t:|1781314139
|-end|p1a: Great Tusk|Protosynthesis|[silent]
|switch|p1a: Raging Bolt|Raging Bolt|100/100
|move|p2a: Zanpakuto|Aqua Cutter|p1a: Raging Bolt
|-resisted|p1a: Raging Bolt
|-damage|p1a: Raging Bolt|78/100
|
|upkeep
|turn|3
|
|t:|1781314146
|switch|p2a: вқӨпёҸвҖҚрҹ”Ҙ|Heatran, M, shiny|100/100
|move|p1a: Raging Bolt|Thunderbolt|p2a: вқӨпёҸвҖҚрҹ”Ҙ
|-damage|p2a: вқӨпёҸвҖҚрҹ”Ҙ|42/100
|
|-heal|p2a: вқӨпёҸвҖҚрҹ”Ҙ|48/100|[from] item: Leftovers
|upkeep
|turn|4
|l| TheSacredJackalвЁ•
|
|t:|1781314155
|switch|p2a: Mega Donphan|Great Tusk|100/100
|move|p1a: Raging Bolt|Dragon Pulse|p2a: Mega Donphan
|-damage|p2a: Mega Donphan|25/100
|
|upkeep
|turn|5
|
|t:|1781314166
|-end|p1a: Raging Bolt|Protosynthesis|[silent]
|switch|p1a: Deoxys|Deoxys-Speed|100/100
|-ability|p1a: Deoxys|Pressure
|move|p2a: Mega Donphan|Stealth Rock|p1a: Deoxys
|-sidestart|p1: Alisyem|move: Stealth Rock
|
|upkeep
|turn|6
|
|t:|1781314173
|move|p1a: Deoxys|Stealth Rock|p2a: Mega Donphan
|-sidestart|p2: BlackStar150520|move: Stealth Rock
|move|p2a: Mega Donphan|Headlong Rush|p1a: Deoxys
|-damage|p1a: Deoxys|9/100
|-unboost|p2a: Mega Donphan|def|1
|-unboost|p2a: Mega Donphan|spd|1
|
|upkeep
|turn|7
|
|t:|1781314179
|move|p1a: Deoxys|Psycho Boost|p2a: Mega Donphan
|-supereffective|p2a: Mega Donphan
|-damage|p2a: Mega Donphan|0 fnt
|-unboost|p1a: Deoxys|spa|2
|faint|p2a: Mega Donphan
|-end|p2a: Mega Donphan|Protosynthesis|[silent]
|-enditem|p1a: Deoxys|Eject Pack
|
|t:|1781314205
|switch|p1a: Great Tusk|Great Tusk|42/100
|
|upkeep
|
|t:|1781314220
|switch|p2a: DraGhost|Dragapult, M|100/100
|-damage|p2a: DraGhost|88/100|[from] Stealth Rock
|turn|8
|
|t:|1781314234
|-end|p1a: Great Tusk|Protosynthesis|[silent]
|switch|p1a: Deoxys|Deoxys-Speed|9/100
|-damage|p1a: Deoxys|0 fnt|[from] Stealth Rock
|faint|p1a: Deoxys
|move|p2a: DraGhost|Hex|p1: Deoxys|[notarget]
|-fail|p2a: DraGhost
|
|-heal|p2a: DraGhost|94/100|[from] item: Leftovers
|upkeep
|inactive|Alisyem has 120 seconds left.
|
|t:|1781314267
|switch|p1a: Ceruledge|Ceruledge, M|100/100
|-damage|p1a: Ceruledge|76/100|[from] Stealth Rock
|turn|9
|
|t:|1781314276
|switch|p2a: Zanpakuto|Samurott-Hisui, M|35/100
|-damage|p2a: Zanpakuto|23/100|[from] Stealth Rock
|move|p1a: Ceruledge|Swords Dance|p1a: Ceruledge
|-boost|p1a: Ceruledge|atk|2
|
|upkeep
|turn|10
|
|t:|1781314280
|move|p1a: Ceruledge|Shadow Sneak|p2a: Zanpakuto
|-resisted|p2a: Zanpakuto
|-damage|p2a: Zanpakuto|0 fnt
|faint|p2a: Zanpakuto
|-damage|p1a: Ceruledge|66/100|[from] item: Life Orb
|
|upkeep
|
|t:|1781314288
|switch|p2a: Sosuke Aizenрҹ—ЎпёҸ|Kingambit, M, shiny|100/100
|-damage|p2a: Sosuke Aizenрҹ—ЎпёҸ|94/100|[from] Stealth Rock
|-activate|p2a: Sosuke Aizenрҹ—ЎпёҸ|ability: Supreme Overlord
|-start|p2a: Sosuke Aizenрҹ—ЎпёҸ|fallen2|[silent]
|turn|11
|
|t:|1781314292
|switch|p1a: Great Tusk|Great Tusk|42/100
|move|p2a: Sosuke Aizenрҹ—ЎпёҸ|Sucker Punch||[still]
|-fail|p2a: Sosuke Aizenрҹ—ЎпёҸ
|
|-heal|p2a: Sosuke Aizenрҹ—ЎпёҸ|100/100|[from] item: Leftovers
|upkeep
|turn|12
|
|t:|1781314305
|-end|p2a: Sosuke Aizenрҹ—ЎпёҸ|fallen2|[silent]
|switch|p2a: DraGhost|Dragapult, M|94/100
|-damage|p2a: DraGhost|82/100|[from] Stealth Rock
|move|p1a: Great Tusk|Close Combat|p2a: DraGhost
|-immune|p2a: DraGhost
|
|-heal|p2a: DraGhost|88/100|[from] item: Leftovers
|upkeep
|turn|13
|inactive|Alisyem has 120 seconds left.
|
|t:|1781314332
|move|p2a: DraGhost|Substitute|p2a: DraGhost
|-start|p2a: DraGhost|Substitute
|-damage|p2a: DraGhost|63/100
|move|p1a: Great Tusk|Headlong Rush|p2a: DraGhost
|-end|p2a: DraGhost|Substitute
|-unboost|p1a: Great Tusk|def|1
|-unboost|p1a: Great Tusk|spd|1
|
|-heal|p2a: DraGhost|69/100|[from] item: Leftovers
|upkeep
|turn|14
|inactive|Alisyem has 120 seconds left.
|inactive|Alisyem has 90 seconds left.
|
|t:|1781314376
|-end|p1a: Great Tusk|Protosynthesis|[silent]
|switch|p1a: Cinderace|Cinderace, M|100/100
|-damage|p1a: Cinderace|76/100|[from] Stealth Rock
|move|p2a: DraGhost|Hex|p1a: Cinderace
|-damage|p1a: Cinderace|31/100
|
|-heal|p2a: DraGhost|75/100|[from] item: Leftovers
|upkeep
|turn|15
|inactive|Alisyem has 90 seconds left.
|
|t:|1781314402
|move|p1a: Cinderace|Pyro Ball|p2a: DraGhost|[miss]
|-miss|p1a: Cinderace|p2a: DraGhost
|move|p2a: DraGhost|Hex|p1a: Cinderace
|-damage|p1a: Cinderace|0 fnt
|faint|p1a: Cinderace
|
|-heal|p2a: DraGhost|81/100|[from] item: Leftovers
|upkeep
|
|t:|1781314408
|switch|p1a: Ceruledge|Ceruledge, M|66/100
|-damage|p1a: Ceruledge|41/100|[from] Stealth Rock
|turn|16
|
|t:|1781314420
|move|p1a: Ceruledge|Shadow Sneak|p2a: DraGhost
|-supereffective|p2a: DraGhost
|-crit|p2a: DraGhost
|-damage|p2a: DraGhost|0 fnt
|faint|p2a: DraGhost
|-damage|p1a: Ceruledge|31/100|[from] item: Life Orb
|
|upkeep
|
|t:|1781314425
|switch|p2a: вқӨпёҸвҖҚрҹ”Ҙ|Heatran, M, shiny|48/100
|-damage|p2a: вқӨпёҸвҖҚрҹ”Ҙ|36/100|[from] Stealth Rock
|turn|17
|inactive|Alisyem has 60 seconds left.
|inactive|Alisyem has 30 seconds left.
|inactive|Alisyem has 20 seconds left.
|inactive|Alisyem has 15 seconds left.
|inactive|Alisyem has 10 seconds left.
|inactive|Alisyem has 5 seconds left.
|
|t:|1781314513
|-terastallize|p1a: Ceruledge|Ghost
|move|p1a: Ceruledge|Shadow Sneak|p2a: вқӨпёҸвҖҚрҹ”Ҙ
|-damage|p2a: вқӨпёҸвҖҚрҹ”Ҙ|1/100
|-damage|p1a: Ceruledge|21/100|[from] item: Life Orb
|move|p2a: вқӨпёҸвҖҚрҹ”Ҙ|Earth Power|p1a: Ceruledge
|-damage|p1a: Ceruledge|0 fnt
|faint|p1a: Ceruledge
|
|-heal|p2a: вқӨпёҸвҖҚрҹ”Ҙ|7/100|[from] item: Leftovers
|upkeep
|inactive|Alisyem has 10 seconds left this turn.
|inactive|Alisyem has 5 seconds left.
|
|t:|1781314520
|switch|p1a: Raging Bolt|Raging Bolt|78/100
|-damage|p1a: Raging Bolt|65/100|[from] Stealth Rock
|turn|18
|inactive|Alisyem has 15 seconds left this turn.
|
|t:|1781314528
|move|p2a: вқӨпёҸвҖҚрҹ”Ҙ|Protect|p2a: вқӨпёҸвҖҚрҹ”Ҙ
|-singleturn|p2a: вқӨпёҸвҖҚрҹ”Ҙ|Protect
|move|p1a: Raging Bolt|Dragon Pulse|p2a: вқӨпёҸвҖҚрҹ”Ҙ
|-activate|p2a: вқӨпёҸвҖҚрҹ”Ҙ|move: Protect
|
|-heal|p2a: вқӨпёҸвҖҚрҹ”Ҙ|13/100|[from] item: Leftovers
|upkeep
|turn|19
|inactive|Alisyem has 25 seconds left this turn.
|
|t:|1781314532
|move|p2a: вқӨпёҸвҖҚрҹ”Ҙ|Earth Power|p1a: Raging Bolt
|-supereffective|p1a: Raging Bolt
|-damage|p1a: Raging Bolt|16/100
|move|p1a: Raging Bolt|Dragon Pulse|p2a: вқӨпёҸвҖҚрҹ”Ҙ
|-resisted|p2a: вқӨпёҸвҖҚрҹ”Ҙ
|-damage|p2a: вқӨпёҸвҖҚрҹ”Ҙ|0 fnt
|faint|p2a: вқӨпёҸвҖҚрҹ”Ҙ
|
|upkeep
|
|t:|1781314539
|switch|p2a: вҡЎпёҸ|Raging Bolt|100/100
|-damage|p2a: вҡЎпёҸ|88/100|[from] Stealth Rock
|turn|20
|
|t:|1781314545
|move|p2a: вҡЎпёҸ|Dragon Pulse|p1a: Raging Bolt
|-supereffective|p1a: Raging Bolt
|-damage|p1a: Raging Bolt|0 fnt
|faint|p1a: Raging Bolt
|-end|p1a: Raging Bolt|Protosynthesis|[silent]
|
|-heal|p2a: вҡЎпёҸ|94/100|[from] item: Leftovers
|upkeep
|
|t:|1781314552
|switch|p1a: Great Tusk|Great Tusk|42/100
|turn|21
|
|t:|1781314565
|-terastallize|p2a: вҡЎпёҸ|Bug
|move|p1a: Great Tusk|Headlong Rush|p2a: вҡЎпёҸ
|-resisted|p2a: вҡЎпёҸ
|-crit|p2a: вҡЎпёҸ
|-damage|p2a: вҡЎпёҸ|59/100
|-unboost|p1a: Great Tusk|def|1
|-unboost|p1a: Great Tusk|spd|1
|move|p2a: вҡЎпёҸ|Dragon Pulse|p1a: Great Tusk
|-damage|p1a: Great Tusk|0 fnt
|faint|p1a: Great Tusk
|-end|p1a: Great Tusk|Protosynthesis|[silent]
|
|-heal|p2a: вҡЎпёҸ|66/100|[from] item: Leftovers
|upkeep
|
|t:|1781314569
|switch|p1a: Ninetales|Ninetales, F|100/100
|-damage|p1a: Ninetales|76/100|[from] Stealth Rock
|-weather|SunnyDay|[from] ability: Drought|[of] p1a: Ninetales
|-activate|p2a: вҡЎпёҸ|ability: Protosynthesis
|-start|p2a: вҡЎпёҸ|protosynthesisspa
|turn|22
|
|t:|1781314574
|move|p2a: вҡЎпёҸ|Thunderclap|p1a: Ninetales
|-damage|p1a: Ninetales|24/100
|move|p1a: Ninetales|Weather Ball|p2a: вҡЎпёҸ
|-supereffective|p2a: вҡЎпёҸ
|-damage|p2a: вҡЎпёҸ|0 fnt
|faint|p2a: вҡЎпёҸ
|-end|p2a: вҡЎпёҸ|Protosynthesis|[silent]
|
|-weather|SunnyDay|[upkeep]
|upkeep
|
|t:|1781314577
|switch|p2a: Sosuke Aizenрҹ—ЎпёҸ|Kingambit, M, shiny|100/100
|-damage|p2a: Sosuke Aizenрҹ—ЎпёҸ|94/100|[from] Stealth Rock
|-activate|p2a: Sosuke Aizenрҹ—ЎпёҸ|ability: Supreme Overlord
|-start|p2a: Sosuke Aizenрҹ—ЎпёҸ|fallen5|[silent]
|turn|23
|inactive|Alisyem has 60 seconds left.
|
|t:|1781314614
|move|p2a: Sosuke Aizenрҹ—ЎпёҸ|Sucker Punch||[still]
|-fail|p2a: Sosuke Aizenрҹ—ЎпёҸ
|move|p1a: Ninetales|Will-O-Wisp|p2a: Sosuke Aizenрҹ—ЎпёҸ
|-status|p2a: Sosuke Aizenрҹ—ЎпёҸ|brn
|
|-weather|SunnyDay|[upkeep]
|-heal|p2a: Sosuke Aizenрҹ—ЎпёҸ|100/100 brn|[from] item: Leftovers
|-damage|p2a: Sosuke Aizenрҹ—ЎпёҸ|94/100 brn|[from] brn
|upkeep
|turn|24
|
|t:|1781314619
|move|p2a: Sosuke Aizenрҹ—ЎпёҸ|Sucker Punch||[still]
|-fail|p2a: Sosuke Aizenрҹ—ЎпёҸ
|move|p1a: Ninetales|Encore|p2a: Sosuke Aizenрҹ—ЎпёҸ
|-start|p2a: Sosuke Aizenрҹ—ЎпёҸ|Encore
|
|-weather|SunnyDay|[upkeep]
|-heal|p2a: Sosuke Aizenрҹ—ЎпёҸ|100/100 brn|[from] item: Leftovers
|-damage|p2a: Sosuke Aizenрҹ—ЎпёҸ|94/100 brn|[from] brn
|upkeep
|turn|25
|
|t:|1781314626
|move|p2a: Sosuke Aizenрҹ—ЎпёҸ|Sucker Punch||[still]
|-fail|p2a: Sosuke Aizenрҹ—ЎпёҸ
|move|p1a: Ninetales|Will-O-Wisp|p2a: Sosuke Aizenрҹ—ЎпёҸ
|-fail|p2a: Sosuke Aizenрҹ—ЎпёҸ|brn
|
|-weather|SunnyDay|[upkeep]
|-heal|p2a: Sosuke Aizenрҹ—ЎпёҸ|100/100 brn|[from] item: Leftovers
|-damage|p2a: Sosuke Aizenрҹ—ЎпёҸ|94/100 brn|[from] brn
|upkeep
|turn|26
|
|t:|1781314629
|move|p2a: Sosuke Aizenрҹ—ЎпёҸ|Sucker Punch||[still]
|-fail|p2a: Sosuke Aizenрҹ—ЎпёҸ
|move|p1a: Ninetales|Will-O-Wisp|p2a: Sosuke Aizenрҹ—ЎпёҸ
|-fail|p2a: Sosuke Aizenрҹ—ЎпёҸ|brn
|
|-weather|SunnyDay|[upkeep]
|-heal|p2a: Sosuke Aizenрҹ—ЎпёҸ|100/100 brn|[from] item: Leftovers
|-damage|p2a: Sosuke Aizenрҹ—ЎпёҸ|94/100 brn|[from] brn
|upkeep
|turn|27
|
|t:|1781314633
|move|p2a: Sosuke Aizenрҹ—ЎпёҸ|Sucker Punch||[still]
|-fail|p2a: Sosuke Aizenрҹ—ЎпёҸ
|move|p1a: Ninetales|Will-O-Wisp|p2a: Sosuke Aizenрҹ—ЎпёҸ
|-fail|p2a: Sosuke Aizenрҹ—ЎпёҸ|brn
|
|-weather|SunnyDay|[upkeep]
|-heal|p2a: Sosuke Aizenрҹ—ЎпёҸ|100/100 brn|[from] item: Leftovers
|-damage|p2a: Sosuke Aizenрҹ—ЎпёҸ|94/100 brn|[from] brn
|-end|p2a: Sosuke Aizenрҹ—ЎпёҸ|Encore
|upkeep
|turn|28
|
|t:|1781314637
|move|p2a: Sosuke Aizenрҹ—ЎпёҸ|Sucker Punch||[still]
|-fail|p2a: Sosuke Aizenрҹ—ЎпёҸ
|move|p1a: Ninetales|Encore|p2a: Sosuke Aizenрҹ—ЎпёҸ
|-start|p2a: Sosuke Aizenрҹ—ЎпёҸ|Encore
|
|-weather|SunnyDay|[upkeep]
|-heal|p2a: Sosuke Aizenрҹ—ЎпёҸ|100/100 brn|[from] item: Leftovers
|-damage|p2a: Sosuke Aizenрҹ—ЎпёҸ|94/100 brn|[from] brn
|upkeep
|turn|29
|
|t:|1781314642
|move|p2a: Sosuke Aizenрҹ—ЎпёҸ|Sucker Punch||[still]
|-fail|p2a: Sosuke Aizenрҹ—ЎпёҸ
|move|p1a: Ninetales|Encore||[still]
|-fail|p1a: Ninetales
|
|-weather|none
|-heal|p2a: Sosuke Aizenрҹ—ЎпёҸ|100/100 brn|[from] item: Leftovers
|-damage|p2a: Sosuke Aizenрҹ—ЎпёҸ|94/100 brn|[from] brn
|-end|p2a: Sosuke Aizenрҹ—ЎпёҸ|Encore
|upkeep
|turn|30
|
|t:|1781314646
|move|p1a: Ninetales|Encore||[still]
|-fail|p1a: Ninetales
|move|p2a: Sosuke Aizenрҹ—ЎпёҸ|Iron Head|p1a: Ninetales
|-resisted|p1a: Ninetales
|-damage|p1a: Ninetales|2/100
|
|-heal|p2a: Sosuke Aizenрҹ—ЎпёҸ|100/100 brn|[from] item: Leftovers
|-damage|p2a: Sosuke Aizenрҹ—ЎпёҸ|94/100 brn|[from] brn
|upkeep
|turn|31
|
|t:|1781314659
|move|p1a: Ninetales|Weather Ball|p2a: Sosuke Aizenрҹ—ЎпёҸ
|-resisted|p2a: Sosuke Aizenрҹ—ЎпёҸ
|-damage|p2a: Sosuke Aizenрҹ—ЎпёҸ|90/100 brn
|move|p2a: Sosuke Aizenрҹ—ЎпёҸ|Iron Head|p1a: Ninetales
|-resisted|p1a: Ninetales
|-damage|p1a: Ninetales|0 fnt
|faint|p1a: Ninetales
|
|win|BlackStar150520
|raw|Alisyem's rating: 1618 &rarr; <strong>1605</strong><br />(-13 for losing)
|raw|BlackStar150520's rating: 1736 &rarr; <strong>1749</strong><br />(+13 for winning)
|l|вҳҶAlisyem
|player|p1|
