|j|☆guingil
|j|☆ankoro
|t:|1781018902
|gametype|singles
|player|p1|guingil|1|1530
|player|p2|ankoro|acetrainer-gen2|1582
|gen|9
|tier|[Gen 9] OU
|rated|
|rule|HP Percentage Mod: HP is shown in percentages
|rule|Endless Battle Clause: Forcing endless battles is banned
|rule|Species Clause: Limit one of each Pokémon
|rule|OHKO Clause: OHKO moves are banned
|rule|Evasion Items Clause: Evasion items are banned
|rule|Evasion Moves Clause: Evasion moves are banned
|rule|Evasion Abilities Clause: Evasion abilities are banned
|rule|Sleep Moves Clause: Sleep-inducing moves are banned
|clearpoke
|poke|p1|Enamorus, F|
|poke|p1|Great Tusk|
|poke|p1|Ogerpon-Wellspring, F|
|poke|p1|Kingambit, M|
|poke|p1|Kyurem|
|poke|p1|Glimmora, M|
|poke|p2|Lycanroc, M|
|poke|p2|Kingambit, F|
|poke|p2|Tornadus-Therian, M|
|poke|p2|Zamazenta-*|
|poke|p2|Azumarill, M|
|poke|p2|Pawmot, F|
|teampreview
|c|☆guingil|glhf
|c|☆ankoro|u2
|
|t:|1781018931
|teamsize|p1|6
|teamsize|p2|6
|start
|switch|p1a: Kyurem|Kyurem|100/100
|switch|p2a: Lycanuke|Lycanroc, M|100/100
|-ability|p1a: Kyurem|Pressure
|turn|1
|c|☆guingil|sorry gtg
|
|t:|1781018961
|move|p2a: Lycanuke|Stealth Rock|p1a: Kyurem
|-sidestart|p1: guingil|move: Stealth Rock
|move|p1a: Kyurem|Earth Power|p2a: Lycanuke
|-supereffective|p2a: Lycanuke
|-damage|p2a: Lycanuke|18/100
|
|upkeep
|turn|2
|c|☆ankoro|oh
|-message|guingil forfeited.
|
|win|ankoro
|raw|guingil's rating: 1530 &rarr; <strong>1513</strong><br />(-17 for losing)
|raw|ankoro's rating: 1582 &rarr; <strong>1599</strong><br />(+17 for winning)
|l|☆guingil
|player|p1|
|l|☆ankoro
|player|p2|
