|j|ŌśåChessAddict_
|j|Ōśåthebambi1234
|t:|1781014880
|gametype|singles
|player|p1|ChessAddict_|265|1618
|player|p2|thebambi1234|blackbelt-gen4dp|1553
|gen|9
|tier|[Gen 9] OU
|rated|
|rule|HP Percentage Mod: HP is shown in percentages
|rule|Endless Battle Clause: Forcing endless battles is banned
|rule|Species Clause: Limit one of each Pok├®mon
|rule|OHKO Clause: OHKO moves are banned
|rule|Evasion Items Clause: Evasion items are banned
|rule|Evasion Moves Clause: Evasion moves are banned
|rule|Evasion Abilities Clause: Evasion abilities are banned
|rule|Sleep Moves Clause: Sleep-inducing moves are banned
|clearpoke
|poke|p1|Blaziken, M|
|poke|p1|Ninetales, F|
|poke|p1|Venusaur, M|
|poke|p1|Hatterene, F|
|poke|p1|Great Tusk|
|poke|p1|Walking Wake|
|poke|p2|Gliscor, M|
|poke|p2|Corviknight, F|
|poke|p2|Dondozo, M|
|poke|p2|Blissey, F|
|poke|p2|Weezing-Galar, F|
|poke|p2|Garganacl, F|
|teampreview
|inactive|Battle timer is ON: inactive players will automatically lose when time's up. (requested by thebambi1234)
|
|t:|1781014899
|teamsize|p1|6
|teamsize|p2|6
|start
|switch|p1a: Ninetales|Ninetales, F|100/100
|switch|p2a: Garganacl|Garganacl, F, shiny|100/100
|-weather|SunnyDay|[from] ability: Drought|[of] p1a: Ninetales
|turn|1
|
|t:|1781014905
|switch|p1a: Walking Wake|Walking Wake|100/100
|-activate|p1a: Walking Wake|ability: Protosynthesis
|-start|p1a: Walking Wake|protosynthesisspe
|move|p2a: Garganacl|Stealth Rock|p1a: Walking Wake
|-sidestart|p1: ChessAddict_|move: Stealth Rock
|
|-weather|SunnyDay|[upkeep]
|upkeep
|turn|2
|
|t:|1781014908
|-terastallize|p2a: Garganacl|Water
|move|p1a: Walking Wake|Hydro Steam|p2a: Garganacl
|-resisted|p2a: Garganacl
|-damage|p2a: Garganacl|68/100
|move|p2a: Garganacl|Salt Cure|p1a: Walking Wake
|-damage|p1a: Walking Wake|87/100
|-start|p1a: Walking Wake|Salt Cure
|
|-weather|SunnyDay|[upkeep]
|-heal|p2a: Garganacl|75/100|[from] item: Leftovers
|-damage|p1a: Walking Wake|62/100|[from] Salt Cure
|upkeep
|turn|3
|
|t:|1781014915
|-end|p1a: Walking Wake|Protosynthesis|[silent]
|switch|p1a: Great Tusk|Great Tusk|100/100
|-activate|p1a: Great Tusk|ability: Protosynthesis
|-start|p1a: Great Tusk|protosynthesisatk
|move|p2a: Garganacl|Salt Cure|p1a: Great Tusk
|-resisted|p1a: Great Tusk
|-damage|p1a: Great Tusk|98/100
|-start|p1a: Great Tusk|Salt Cure
|
|-weather|SunnyDay|[upkeep]
|-heal|p2a: Garganacl|81/100|[from] item: Leftovers
|-damage|p1a: Great Tusk|85/100|[from] Salt Cure
|upkeep
|turn|4
|
|t:|1781014921
|switch|p2a: Gliscor|Gliscor, M, shiny|100/100
|move|p1a: Great Tusk|Rapid Spin|p2a: Gliscor
|-damage|p2a: Gliscor|86/100
|-boost|p1a: Great Tusk|spe|1
|-sideend|p1: ChessAddict_|Stealth Rock|[from] move: Rapid Spin|[of] p1a: Great Tusk
|
|-weather|SunnyDay|[upkeep]
|-damage|p1a: Great Tusk|73/100|[from] Salt Cure
|-status|p2a: Gliscor|tox|[from] item: Toxic Orb
|upkeep
|turn|5
|
|t:|1781014927
|move|p2a: Gliscor|Protect|p2a: Gliscor
|-singleturn|p2a: Gliscor|Protect
|move|p1a: Great Tusk|Stealth Rock|p2a: Gliscor
|-sidestart|p2: thebambi1234|move: Stealth Rock
|
|-weather|SunnyDay|[upkeep]
|-heal|p2a: Gliscor|98/100 tox|[from] ability: Poison Heal
|-damage|p1a: Great Tusk|61/100|[from] Salt Cure
|upkeep
|turn|6
|
|t:|1781014930
|switch|p2a: Corviknight|Corviknight, F|100/100
|-damage|p2a: Corviknight|88/100|[from] Stealth Rock
|-ability|p2a: Corviknight|Pressure
|move|p1a: Great Tusk|Ice Spinner|p2a: Corviknight
|-damage|p2a: Corviknight|64/100
|-damage|p1a: Great Tusk|44/100|[from] item: Rocky Helmet|[of] p2a: Corviknight
|
|-weather|SunnyDay|[upkeep]
|-damage|p1a: Great Tusk|32/100|[from] Salt Cure
|upkeep
|turn|7
|j| michealjackkson
|
|t:|1781014936
|-end|p1a: Great Tusk|Protosynthesis|[silent]
|switch|p1a: Blaziken|Blaziken, M|100/100
|move|p2a: Corviknight|Defog|p1a: Blaziken
|-unboost|p1a: Blaziken|evasion|1
|-sideend|p2: thebambi1234|Stealth Rock|[from] move: Defog|[of] p2a: Corviknight
|
|-weather|SunnyDay|[upkeep]
|upkeep
|turn|8
|c|ŌśåChessAddict_|hiiihiiiiii.
|
|t:|1781014954
|switch|p2a: Dondozo|Dondozo, M|100/100
|move|p1a: Blaziken|Overheat|p2a: Dondozo
|-resisted|p2a: Dondozo
|-damage|p2a: Dondozo|56/100
|-unboost|p1a: Blaziken|spa|2
|
|-weather|none
|-heal|p2a: Dondozo|62/100|[from] item: Leftovers
|-ability|p1a: Blaziken|Speed Boost|boost
|-boost|p1a: Blaziken|spe|1
|upkeep
|turn|9
|
|t:|1781014964
|switch|p1a: Ninetales|Ninetales, F|100/100
|-weather|SunnyDay|[from] ability: Drought|[of] p1a: Ninetales
|switch|p2a: Garganacl|Garganacl, F, shiny, tera:Water|81/100
|
|-weather|SunnyDay|[upkeep]
|-heal|p2a: Garganacl|87/100|[from] item: Leftovers
|upkeep
|turn|10
|
|t:|1781014968
|switch|p1a: Hatterene|Hatterene, F|100/100
|move|p2a: Garganacl|Stealth Rock|p1a: Hatterene
|move|p1a: Hatterene|Stealth Rock|p2a: Garganacl|[from] ability: Magic Bounce
|-sidestart|p2: thebambi1234|move: Stealth Rock
|
|-weather|SunnyDay|[upkeep]
|-heal|p2a: Garganacl|93/100|[from] item: Leftovers
|upkeep
|turn|11
|c|Ōśåthebambi1234|I didnt see that :0
|
|t:|1781014979
|move|p1a: Hatterene|Nuzzle|p2a: Garganacl
|-supereffective|p2a: Garganacl
|-damage|p2a: Garganacl|88/100
|move|p2a: Garganacl|Salt Cure|p1a: Hatterene
|-damage|p1a: Hatterene|88/100
|-start|p1a: Hatterene|Salt Cure
|-enditem|p1a: Hatterene|Eject Button
|
|t:|1781014999
|switch|p1a: Venusaur|Venusaur, M|100/100
|
|-weather|SunnyDay|[upkeep]
|-heal|p2a: Garganacl|94/100|[from] item: Leftovers
|upkeep
|turn|12
|
|t:|1781015003
|move|p1a: Venusaur|Growth|p1a: Venusaur
|-boost|p1a: Venusaur|atk|2
|-boost|p1a: Venusaur|spa|2
|move|p2a: Garganacl|Salt Cure|p1a: Venusaur
|-damage|p1a: Venusaur|81/100
|-start|p1a: Venusaur|Salt Cure
|
|-weather|SunnyDay|[upkeep]
|-heal|p2a: Garganacl|99/100|[from] item: Leftovers
|-damage|p1a: Venusaur|68/100|[from] Salt Cure
|upkeep
|turn|13
|
|t:|1781015013
|switch|p2a: Blissey|Blissey, F|100/100
|-damage|p2a: Blissey|88/100|[from] Stealth Rock
|move|p1a: Venusaur|Growth|p1a: Venusaur
|-boost|p1a: Venusaur|atk|2
|-boost|p1a: Venusaur|spa|2
|
|-weather|SunnyDay|[upkeep]
|-heal|p2a: Blissey|94/100|[from] item: Leftovers
|-damage|p1a: Venusaur|56/100|[from] Salt Cure
|upkeep
|turn|14
|
|t:|1781015017
|move|p1a: Venusaur|Growth|p1a: Venusaur
|-boost|p1a: Venusaur|atk|2
|-boost|p1a: Venusaur|spa|2
|move|p2a: Blissey|Flamethrower|p1a: Venusaur
|-supereffective|p1a: Venusaur
|-damage|p1a: Venusaur|0 fnt
|faint|p1a: Venusaur
|
|-weather|SunnyDay|[upkeep]
|-heal|p2a: Blissey|99/100|[from] item: Leftovers
|upkeep
|
|t:|1781015022
|switch|p1a: Blaziken|Blaziken, M|100/100
|turn|15
|c|Ōśåthebambi1234|greedy
|c|ŌśåChessAddict_|fr
|
|t:|1781015037
|switch|p2a: Garganacl|Garganacl, F, shiny, tera:Water|99/100
|-damage|p2a: Garganacl|88/100|[from] Stealth Rock
|move|p1a: Blaziken|Focus Energy|p1a: Blaziken
|-start|p1a: Blaziken|move: Focus Energy
|
|-weather|SunnyDay|[upkeep]
|-heal|p2a: Garganacl|94/100|[from] item: Leftovers
|-ability|p1a: Blaziken|Speed Boost|boost
|-boost|p1a: Blaziken|spe|1
|upkeep
|turn|16
|
|t:|1781015056
|-terastallize|p1a: Blaziken|Fire
|move|p2a: Garganacl|Protect|p2a: Garganacl
|-singleturn|p2a: Garganacl|Protect
|move|p1a: Blaziken|Overheat|p2a: Garganacl
|-activate|p2a: Garganacl|move: Protect
|
|-weather|none
|-heal|p2a: Garganacl|99/100|[from] item: Leftovers
|-ability|p1a: Blaziken|Speed Boost|boost
|-boost|p1a: Blaziken|spe|1
|upkeep
|turn|17
|
|t:|1781015065
|move|p1a: Blaziken|Overheat|p2a: Garganacl
|-resisted|p2a: Garganacl
|-crit|p2a: Garganacl
|-damage|p2a: Garganacl|56/100
|-unboost|p1a: Blaziken|spa|2
|move|p2a: Garganacl|Salt Cure|p1a: Blaziken
|-supereffective|p1a: Blaziken
|-damage|p1a: Blaziken|52/100
|-start|p1a: Blaziken|Salt Cure
|
|-heal|p2a: Garganacl|62/100|[from] item: Leftovers
|-damage|p1a: Blaziken|40/100|[from] Salt Cure
|-ability|p1a: Blaziken|Speed Boost|boost
|-boost|p1a: Blaziken|spe|1
|upkeep
|turn|18
|
|t:|1781015072
|switch|p1a: Hatterene|Hatterene, F|88/100
|move|p2a: Garganacl|Recover|p2a: Garganacl
|-heal|p2a: Garganacl|100/100
|
|upkeep
|turn|19
|
|t:|1781015078
|move|p1a: Hatterene|Psychic Noise|p2a: Garganacl
|-damage|p2a: Garganacl|79/100
|-start|p2a: Garganacl|move: Heal Block
|move|p2a: Garganacl|Salt Cure|p1a: Hatterene
|-damage|p1a: Hatterene|75/100
|-start|p1a: Hatterene|Salt Cure
|
|-damage|p1a: Hatterene|62/100|[from] Salt Cure
|upkeep
|turn|20
|
|t:|1781015088
|move|p2a: Garganacl|Protect|p2a: Garganacl
|-singleturn|p2a: Garganacl|Protect
|move|p1a: Hatterene|Nuzzle|p2a: Garganacl
|-activate|p2a: Garganacl|move: Protect
|
|-damage|p1a: Hatterene|50/100|[from] Salt Cure
|-end|p2a: Garganacl|move: Heal Block
|upkeep
|turn|21
|
|t:|1781015093
|move|p1a: Hatterene|Pain Split|p2a: Garganacl
|-sethp|p2a: Garganacl|59/100|[from] move: Pain Split|[silent]
|-sethp|p1a: Hatterene|75/100|[from] move: Pain Split
|move|p2a: Garganacl|Salt Cure|p1a: Hatterene
|-damage|p1a: Hatterene|62/100
|
|-heal|p2a: Garganacl|65/100|[from] item: Leftovers
|-damage|p1a: Hatterene|50/100|[from] Salt Cure
|upkeep
|turn|22
|
|t:|1781015101
|switch|p2a: Gliscor|Gliscor, M, shiny|98/100 tox
|-damage|p2a: Gliscor|86/100 tox|[from] Stealth Rock
|move|p1a: Hatterene|Nuzzle|p2a: Gliscor
|-immune|p2a: Gliscor
|
|-heal|p2a: Gliscor|98/100 tox|[from] ability: Poison Heal
|-damage|p1a: Hatterene|37/100|[from] Salt Cure
|upkeep
|turn|23
|
|t:|1781015109
|move|p2a: Gliscor|Protect|p2a: Gliscor
|-singleturn|p2a: Gliscor|Protect
|move|p1a: Hatterene|Healing Wish|p1a: Hatterene
|faint|p1a: Hatterene
|
|-heal|p2a: Gliscor|100/100 tox|[from] ability: Poison Heal
|upkeep
|
|t:|1781015115
|switch|p1a: Ninetales|Ninetales, F|100/100
|-weather|SunnyDay|[from] ability: Drought|[of] p1a: Ninetales
|turn|24
|
|t:|1781015129
|move|p1a: Ninetales|Memento|p2a: Gliscor
|-unboost|p2a: Gliscor|atk|2
|-unboost|p2a: Gliscor|spa|2
|faint|p1a: Ninetales
|move|p2a: Gliscor|Earthquake|p1: Ninetales|[notarget]
|-fail|p2a: Gliscor
|
|-weather|SunnyDay|[upkeep]
|upkeep
|c|Ōśåthebambi1234|oh no
|
|t:|1781015135
|switch|p1a: Blaziken|Blaziken, M, tera:Fire|40/100
|-heal|p1a: Blaziken|100/100|[from] move: Healing Wish
|turn|25
|c|Ōśåthebambi1234|the special blaziken
|c|Ōśåthebambi1234|special crit blaziken
|
|t:|1781015157
|move|p1a: Blaziken|Focus Energy|p1a: Blaziken
|-start|p1a: Blaziken|move: Focus Energy
|move|p2a: Gliscor|Toxic|p1a: Blaziken
|-status|p1a: Blaziken|tox
|
|-weather|SunnyDay|[upkeep]
|-damage|p1a: Blaziken|95/100 tox|[from] psn
|-ability|p1a: Blaziken|Speed Boost|boost
|-boost|p1a: Blaziken|spe|1
|upkeep
|turn|26
|
|t:|1781015162
|move|p2a: Gliscor|Protect|p2a: Gliscor
|-singleturn|p2a: Gliscor|Protect
|move|p1a: Blaziken|Overheat|p2a: Gliscor
|-activate|p2a: Gliscor|move: Protect
|
|-weather|SunnyDay|[upkeep]
|-damage|p1a: Blaziken|83/100 tox|[from] psn
|-ability|p1a: Blaziken|Speed Boost|boost
|-boost|p1a: Blaziken|spe|1
|upkeep
|turn|27
|c|ŌśåChessAddict_|gg
|c|Ōśåthebambi1234|ggs
|
|t:|1781015168
|switch|p2a: Blissey|Blissey, F|99/100
|-damage|p2a: Blissey|88/100|[from] Stealth Rock
|move|p1a: Blaziken|Overheat|p2a: Blissey
|-crit|p2a: Blissey
|-damage|p2a: Blissey|33/100
|-unboost|p1a: Blaziken|spa|2
|
|-weather|SunnyDay|[upkeep]
|-heal|p2a: Blissey|39/100|[from] item: Leftovers
|-damage|p1a: Blaziken|65/100 tox|[from] psn
|-ability|p1a: Blaziken|Speed Boost|boost
|-boost|p1a: Blaziken|spe|1
|upkeep
|turn|28
|
|t:|1781015174
|move|p1a: Blaziken|Overheat|p2a: Blissey
|-crit|p2a: Blissey
|-damage|p2a: Blissey|0 fnt
|-unboost|p1a: Blaziken|spa|2
|faint|p2a: Blissey
|
|-weather|SunnyDay|[upkeep]
|-damage|p1a: Blaziken|41/100 tox|[from] psn
|-ability|p1a: Blaziken|Speed Boost|boost
|-boost|p1a: Blaziken|spe|1
|upkeep
|
|t:|1781015184
|switch|p2a: Garganacl|Garganacl, F, shiny, tera:Water|65/100
|-damage|p2a: Garganacl|53/100|[from] Stealth Rock
|turn|29
|
|t:|1781015191
|move|p1a: Blaziken|Close Combat|p2a: Garganacl
|-crit|p2a: Garganacl
|-damage|p2a: Garganacl|7/100
|-unboost|p1a: Blaziken|def|1
|-unboost|p1a: Blaziken|spd|1
|move|p2a: Garganacl|Recover|p2a: Garganacl
|-heal|p2a: Garganacl|57/100
|
|-weather|SunnyDay|[upkeep]
|-heal|p2a: Garganacl|64/100|[from] item: Leftovers
|-damage|p1a: Blaziken|11/100 tox|[from] psn
|-ability|p1a: Blaziken|Speed Boost|boost
|-boost|p1a: Blaziken|spe|1
|upkeep
|turn|30
|
|t:|1781015196
|move|p1a: Blaziken|Overheat|p2a: Garganacl
|-resisted|p2a: Garganacl
|-crit|p2a: Garganacl
|-damage|p2a: Garganacl|0 fnt
|-unboost|p1a: Blaziken|spa|2
|faint|p2a: Garganacl
|
|-weather|SunnyDay|[upkeep]
|-damage|p1a: Blaziken|0 fnt|[from] psn
|faint|p1a: Blaziken
|upkeep
|c|Ōśåthebambi1234|oops
|
|t:|1781015211
|switch|p1a: Walking Wake|Walking Wake|62/100
|switch|p2a: Corviknight|Corviknight, F|64/100
|-damage|p2a: Corviknight|52/100|[from] Stealth Rock
|-ability|p2a: Corviknight|Pressure
|-activate|p1a: Walking Wake|ability: Protosynthesis
|-start|p1a: Walking Wake|protosynthesisspe
|turn|31
|
|t:|1781015216
|move|p1a: Walking Wake|Hydro Steam|p2a: Corviknight
|-damage|p2a: Corviknight|0 fnt
|faint|p2a: Corviknight
|
|-weather|none
|-end|p1a: Walking Wake|Protosynthesis
|upkeep
|inactive|thebambi1234 has 120 seconds left.
|
|t:|1781015253
|switch|p2a: Weezing|Weezing-Galar, F|100/100
|-ability|p2a: Weezing|Neutralizing Gas
|turn|32
|inactive|thebambi1234 has 120 seconds left.
|
|t:|1781015271
|move|p1a: Walking Wake|Hydro Steam|p2a: Weezing
|-damage|p2a: Weezing|24/100
|move|p2a: Weezing|Defog|p1a: Walking Wake
|-unboost|p1a: Walking Wake|evasion|1
|-sideend|p2: thebambi1234|Stealth Rock|[from] move: Defog|[of] p2a: Weezing
|
|upkeep
|turn|33
|
|t:|1781015276
|move|p1a: Walking Wake|Hydro Steam|p2a: Weezing
|-damage|p2a: Weezing|0 fnt
|faint|p2a: Weezing
|-end|p2a: Weezing|ability: Neutralizing Gas
|
|upkeep
|
|t:|1781015277
|switch|p2a: Dondozo|Dondozo, M|62/100
|turn|34
|
|t:|1781015289
|-end|p1a: Walking Wake|Protosynthesis|[silent]
|switch|p1a: Great Tusk|Great Tusk|32/100
|move|p2a: Dondozo|Body Press|p1a: Great Tusk
|-damage|p1a: Great Tusk|12/100
|
|-heal|p2a: Dondozo|68/100|[from] item: Leftovers
|upkeep
|turn|35
|inactive|thebambi1234 has 120 seconds left.
|
|t:|1781015316
|move|p1a: Great Tusk|Stealth Rock|p2a: Dondozo
|-sidestart|p2: thebambi1234|move: Stealth Rock
|move|p2a: Dondozo|Waterfall|p1a: Great Tusk
|-supereffective|p1a: Great Tusk
|-damage|p1a: Great Tusk|0 fnt
|faint|p1a: Great Tusk
|-end|p1a: Great Tusk|Protosynthesis|[silent]
|
|-heal|p2a: Dondozo|74/100|[from] item: Leftovers
|upkeep
|
|t:|1781015321
|switch|p1a: Walking Wake|Walking Wake|62/100
|turn|36
|c|Ōśåthebambi1234|I see i have messed uo
|inactive|thebambi1234 has 120 seconds left.
|
|t:|1781015331
|move|p1a: Walking Wake|Draco Meteor|p2a: Dondozo
|-damage|p2a: Dondozo|0 fnt
|-unboost|p1a: Walking Wake|spa|2
|faint|p2a: Dondozo
|
|upkeep
|
|t:|1781015333
|switch|p2a: Gliscor|Gliscor, M, shiny|100/100 tox
|-damage|p2a: Gliscor|88/100 tox|[from] Stealth Rock
|turn|37
|
|t:|1781015337
|move|p2a: Gliscor|Protect|p2a: Gliscor
|-singleturn|p2a: Gliscor|Protect
|move|p1a: Walking Wake|Draco Meteor|p2a: Gliscor
|-activate|p2a: Gliscor|move: Protect
|
|-heal|p2a: Gliscor|100/100 tox|[from] ability: Poison Heal
|upkeep
|turn|38
|
|t:|1781015349
|move|p1a: Walking Wake|Draco Meteor|p2a: Gliscor
|-damage|p2a: Gliscor|37/100 tox
|-unboost|p1a: Walking Wake|spa|2
|move|p2a: Gliscor|Earthquake|p1a: Walking Wake
|-damage|p1a: Walking Wake|21/100
|
|-heal|p2a: Gliscor|49/100 tox|[from] ability: Poison Heal
|upkeep
|turn|39
|c|Ōśåthebambi1234|nvm ggs
|c|ŌśåChessAddict_|nah you chill lol
|
|t:|1781015360
|move|p2a: Gliscor|Protect|p2a: Gliscor
|-singleturn|p2a: Gliscor|Protect
|move|p1a: Walking Wake|Draco Meteor|p2a: Gliscor
|-activate|p2a: Gliscor|move: Protect
|
|-heal|p2a: Gliscor|62/100 tox|[from] ability: Poison Heal
|upkeep
|turn|40
|
|t:|1781015368
|move|p1a: Walking Wake|Draco Meteor|p2a: Gliscor
|-damage|p2a: Gliscor|20/100 tox
|-unboost|p1a: Walking Wake|spa|2
|move|p2a: Gliscor|Earthquake|p1a: Walking Wake
|-damage|p1a: Walking Wake|0 fnt
|faint|p1a: Walking Wake
|-end|p1a: Walking Wake|Protosynthesis|[silent]
|
|win|thebambi1234
|raw|ChessAddict_'s rating: 1618 &rarr; <strong>1594</strong><br />(-24 for losing)
|raw|thebambi1234's rating: 1553 &rarr; <strong>1577</strong><br />(+24 for winning)
|c|Ōśåthebambi1234|i like the set tho
|l|Ōśåthebambi1234
|player|p2|
|c|ŌśåChessAddict_|lmao for sure
|l|ŌśåChessAddict_
|player|p1|
|l| michealjackkson
