|badge|p1|bronze|gen9randombattle|100-9
|badge|p1|bronze|gen9ubers|100-9
|uhtml|medal-msg|<div class="broadcast-blue">Curious what those medals under the avatar are? PS now has Ladder Seasons! For more information, check out the <a href="https://www.smogon.com/forums/threads/3740067/">thread on Smogon.</a></div>
|j|☆oddishlover4
|j|☆LoseToRU?
|t:|1781332141
|gametype|singles
|player|p1|oddishlover4|acetrainerf|1710
|player|p2|LoseToRU?|giovanni-gen1|1709
|gen|9
|tier|[Gen 9] OU
|rated|
|rule|HP Percentage Mod: HP is shown in percentages
|rule|Endless Battle Clause: Forcing endless battles is banned
|rule|Species Clause: Limit one of each Pokémon
|rule|OHKO Clause: OHKO moves are banned
|rule|Evasion Items Clause: Evasion items are banned
|rule|Evasion Moves Clause: Evasion moves are banned
|rule|Evasion Abilities Clause: Evasion abilities are banned
|rule|Sleep Moves Clause: Sleep-inducing moves are banned
|clearpoke
|poke|p1|Kyurem|
|poke|p1|Hatterene, F|
|poke|p1|Darkrai|
|poke|p1|Great Tusk|
|poke|p1|Dragonite, F|
|poke|p1|Gholdengo|
|poke|p2|Iron Jugulis|
|poke|p2|Thundurus, M|
|poke|p2|Azumarill, M|
|poke|p2|Zamazenta-*|
|poke|p2|Cloyster, M|
|poke|p2|Iron Valiant|
|teampreview
|
|t:|1781332160
|teamsize|p1|6
|teamsize|p2|6
|start
|switch|p1a: Boompala|Kyurem|100/100
|switch|p2a: Iron Valiant|Iron Valiant|100/100
|-ability|p1a: Boompala|Pressure
|-enditem|p2a: Iron Valiant|Booster Energy
|-activate|p2a: Iron Valiant|ability: Quark Drive|[fromitem]
|-start|p2a: Iron Valiant|quarkdrivespe
|turn|1
|c|☆oddishlover4|gl/hf!
|inactive|Battle timer is ON: inactive players will automatically lose when time's up. (requested by oddishlover4)
|c|☆LoseToRU?|ay you as well
|
|t:|1781332178
|-terastallize|p1a: Boompala|Poison
|move|p2a: Iron Valiant|Moonblast|p1a: Boompala
|-resisted|p1a: Boompala
|-damage|p1a: Boompala|87/100
|move|p1a: Boompala|Ice Beam|p2a: Iron Valiant
|-damage|p2a: Iron Valiant|0 fnt
|faint|p2a: Iron Valiant
|-end|p2a: Iron Valiant|Quark Drive|[silent]
|
|upkeep
|
|t:|1781332185
|switch|p2a: Azumarill|Azumarill, M, shiny|100/100
|turn|2
|
|t:|1781332203
|move|p1a: Boompala|Freeze-Dry|p2a: Azumarill
|-supereffective|p2a: Azumarill
|-damage|p2a: Azumarill|48/100
|move|p2a: Azumarill|Liquidation|p1a: Boompala
|-damage|p1a: Boompala|48/100
|
|upkeep
|turn|3
|j| choispecs ironmoth
|
|t:|1781332222
|move|p2a: Azumarill|Aqua Jet|p1a: Boompala
|-damage|p1a: Boompala|28/100
|move|p1a: Boompala|Freeze-Dry|p2a: Azumarill
|-supereffective|p2a: Azumarill
|-damage|p2a: Azumarill|0 fnt
|faint|p2a: Azumarill
|
|upkeep
|j| Revilo6000
|
|t:|1781332229
|switch|p2a: Iron Jugulis|Iron Jugulis|100/100
|-enditem|p2a: Iron Jugulis|Booster Energy
|-activate|p2a: Iron Jugulis|ability: Quark Drive|[fromitem]
|-start|p2a: Iron Jugulis|quarkdrivespe
|turn|4
|
|t:|1781332247
|switch|p1a: Bluebeard's Wife|Dragonite, F|100/100
|move|p2a: Iron Jugulis|Dark Pulse|p1a: Bluebeard's Wife
|-damage|p1a: Bluebeard's Wife|84/100
|
|upkeep
|turn|5
|c|☆oddishlover4|My day is ruined. I needed to see belly drum azu in SV ou.
|
|t:|1781332266
|move|p2a: Iron Jugulis|Hurricane|p1a: Bluebeard's Wife
|-damage|p1a: Bluebeard's Wife|32/100
|move|p1a: Bluebeard's Wife|Roost|p1a: Bluebeard's Wife
|-heal|p1a: Bluebeard's Wife|82/100
|-singleturn|p1a: Bluebeard's Wife|move: Roost
|
|upkeep
|turn|6
|c|☆LoseToRU?|aha well my day was made by tera psn kyu turn 1 lol
|inactive|oddishlover4 has 120 seconds left.
|
|t:|1781332285
|move|p1a: Bluebeard's Wife|Extreme Speed|p2a: Iron Jugulis
|-damage|p2a: Iron Jugulis|68/100
|move|p2a: Iron Jugulis|Taunt|p1a: Bluebeard's Wife
|-start|p1a: Bluebeard's Wife|move: Taunt
|
|upkeep
|turn|7
|
|t:|1781332294
|move|p1a: Bluebeard's Wife|Extreme Speed|p2a: Iron Jugulis
|-damage|p2a: Iron Jugulis|33/100
|move|p2a: Iron Jugulis|Dark Pulse|p1a: Bluebeard's Wife
|-damage|p1a: Bluebeard's Wife|49/100
|
|upkeep
|turn|8
|c|☆oddishlover4|Fair. Didn't want play rough.
|
|t:|1781332303
|move|p1a: Bluebeard's Wife|Extreme Speed|p2a: Iron Jugulis
|-damage|p2a: Iron Jugulis|0 fnt
|faint|p2a: Iron Jugulis
|-end|p2a: Iron Jugulis|Quark Drive|[silent]
|
|upkeep
|
|t:|1781332308
|switch|p2a: Cloyster|Cloyster, M|100/100
|turn|9
|c|☆LoseToRU?|insane lol
|
|t:|1781332326
|switch|p1a: Celebration|Gholdengo|100/100
|-terastallize|p2a: Cloyster|Ghost
|move|p2a: Cloyster|Shell Smash|p2a: Cloyster
|-unboost|p2a: Cloyster|def|1
|-unboost|p2a: Cloyster|spd|1
|-boost|p2a: Cloyster|atk|2
|-boost|p2a: Cloyster|spa|2
|-boost|p2a: Cloyster|spe|2
|
|upkeep
|turn|10
|inactive|LoseToRU? has 120 seconds left.
|inactive|LoseToRU? has 90 seconds left.
|
|t:|1781332391
|switch|p2a: Thundurus|Thundurus, M|100/100
|move|p1a: Celebration|Shadow Ball|p2a: Thundurus
|-damage|p2a: Thundurus|48/100
|
|upkeep
|turn|11
|inactive|oddishlover4 has 120 seconds left.
|
|t:|1781332410
|move|p2a: Thundurus|Thunderbolt|p1a: Celebration
|-damage|p1a: Celebration|54/100
|move|p1a: Celebration|Shadow Ball|p2a: Thundurus
|-damage|p2a: Thundurus|0 fnt
|faint|p2a: Thundurus
|
|upkeep
|inactive|LoseToRU? has 90 seconds left.
|inactive|LoseToRU? has 60 seconds left.
|
|t:|1781332468
|switch|p2a: Cloyster|Cloyster, M, tera:Ghost|100/100
|turn|12
|
|t:|1781332481
|move|p2a: Cloyster|Shell Smash|p2a: Cloyster
|-unboost|p2a: Cloyster|def|1
|-unboost|p2a: Cloyster|spd|1
|-boost|p2a: Cloyster|atk|2
|-boost|p2a: Cloyster|spa|2
|-boost|p2a: Cloyster|spe|2
|move|p1a: Celebration|Shadow Ball|p2a: Cloyster
|-supereffective|p2a: Cloyster
|-enditem|p2a: Cloyster|Focus Sash
|-damage|p2a: Cloyster|1/100
|
|upkeep
|turn|13
|
|t:|1781332485
|move|p2a: Cloyster|Icicle Spear|p1a: Celebration
|-resisted|p1a: Celebration
|-damage|p1a: Celebration|44/100
|-resisted|p1a: Celebration
|-damage|p1a: Celebration|35/100
|-resisted|p1a: Celebration
|-damage|p1a: Celebration|25/100
|-resisted|p1a: Celebration
|-damage|p1a: Celebration|16/100
|-resisted|p1a: Celebration
|-damage|p1a: Celebration|6/100
|-hitcount|p1a: Celebration|5
|move|p1a: Celebration|Shadow Ball|p2a: Cloyster
|-supereffective|p2a: Cloyster
|-damage|p2a: Cloyster|0 fnt
|faint|p2a: Cloyster
|
|upkeep
|c|☆LoseToRU?|low roll gg lol
|inactive|LoseToRU? has 60 seconds left.
|l| Revilo6000
|inactive|LoseToRU? has 30 seconds left.
|c|☆LoseToRU?|+2 252+ Atk Cloyster Icicle Spear (5 hits) vs. 0 HP / 0 Def Gholdengo: 190-225 (60.3 - 71.4%) -- guaranteed 2HKO after Stealth Rock
|inactive|LoseToRU? has 20 seconds left.
|j| Schlafparalyse
|inactive|LoseToRU? has 15 seconds left.
|inactive|LoseToRU? has 10 seconds left.
|
|t:|1781332551
|switch|p2a: Zamazenta|Zamazenta|100/100
|-ability|p2a: Zamazenta|Dauntless Shield|boost
|-boost|p2a: Zamazenta|def|1
|turn|14
|inactive|LoseToRU? has 20 seconds left this turn.
|inactive|LoseToRU? has 15 seconds left.
|-message|LoseToRU? forfeited.
|
|win|oddishlover4
|raw|oddishlover4's rating: 1710 &rarr; <strong>1730</strong><br />(+20 for winning)
|raw|LoseToRU?'s rating: 1709 &rarr; <strong>1689</strong><br />(-20 for losing)
|c|☆LoseToRU?|gg
|c|☆LoseToRU?|GL on next
|c|☆oddishlover4|Shill Darkrai and rocky helmet hat
|c|☆oddishlover4|GG!
|c|☆LoseToRU?|Cloy swept
|c|☆oddishlover4|*still
|c|☆oddishlover4|Nah
|c|☆LoseToRU?|like 100% lol
|l| choispecs ironmoth
|c|☆oddishlover4|No
|c|☆LoseToRU?|Yes lol
|c|☆LoseToRU?|gg but I can show u the calcs
|c|☆LoseToRU?|!showteam
|c| LoseToRU?|/raw <div class="infobox"><details><summary>View team</summary>Iron Jugulis @ Booster Energy  <br />Ability: Quark Drive  <br />Tera Type: Ground  <br />EVs: 4 HP &#x2f; 252 SpA &#x2f; 252 Spe  <br />Timid Nature  <br />IVs: 0 Atk  <br />- Hurricane  <br />- Dark Pulse  <br />- Earth Power  <br />- Taunt  <br /><br />Thundurus (M) @ Focus Sash  <br />Ability: Prankster  <br />Tera Type: Ghost  <br />EVs: 252 SpA &#x2f; 4 SpD &#x2f; 252 Spe  <br />Timid Nature  <br />IVs: 0 Atk  <br />- Nasty Plot  <br />- Thunderbolt  <br />- Focus Blast  <br />- Thunder Wave  <br /><br />Azumarill @ Assault Vest  <br />Ability: Huge Power  <br />Shiny: Yes  <br />Tera Type: Water  <br />EVs: 252 HP &#x2f; 252 Atk &#x2f; 4 SpD  <br />Adamant Nature  <br />- Play Rough  <br />- Liquidation  <br />- Knock Off  <br />- Aqua Jet  <br /><br />Zamazenta @ Leftovers  <br />Ability: Dauntless Shield  <br />Tera Type: Ghost  <br />EVs: 252 HP &#x2f; 84 Def &#x2f; 172 Spe  <br />Jolly Nature  <br />- Iron Defense  <br />- Body Press  <br />- Crunch  <br />- Substitute  <br /><br />Cloyster @ Focus Sash  <br />Ability: Skill Link  <br />Tera Type: Ghost  <br />EVs: 252 Atk &#x2f; 4 Def &#x2f; 252 Spe  <br />Adamant Nature  <br />- Shell Smash  <br />- Icicle Spear  <br />- Rock Blast  <br />- Ice Shard  <br /><br />Iron Valiant @ Booster Energy  <br />Ability: Quark Drive  <br />Tera Type: Fairy  <br />EVs: 4 Def &#x2f; 252 SpA &#x2f; 252 Spe  <br />Naive Nature  <br />IVs: 0 Atk &#x2f; 0 SpD  <br />- Moonblast  <br />- Taunt  <br />- Destiny Bond  <br />- Trick Room  <br /><br /></details></div>
|c|☆LoseToRU?|go ahead and do the same and we can see
|c|☆LoseToRU?|if you're not scarf darkrai
|l| Schlafparalyse
|c|☆oddishlover4|Scarf
|c|☆LoseToRU?|so let's see
|c|☆oddishlover4|What's the command
|c|☆LoseToRU?|! then showteam
|c|☆LoseToRU?|i've never seen someone with a full Gold not go hard into it vs Val lol
|c|☆oddishlover4|"show cannot be used in temporary rooms."
|c|☆LoseToRU?|if you're not scarf it's okay man but just saying
|c|☆LoseToRU?|I literally just did it
