|j|☆KurisuChestnutOU
|j|☆StormIsNotOmega
|t:|1781151909
|gametype|singles
|player|p1|KurisuChestnutOU|may-contest|1536
|player|p2|StormIsNotOmega|psychic-gen4|1560
|gen|9
|tier|[Gen 9] OU
|rated|
|rule|HP Percentage Mod: HP is shown in percentages
|rule|Endless Battle Clause: Forcing endless battles is banned
|rule|Species Clause: Limit one of each Pokémon
|rule|OHKO Clause: OHKO moves are banned
|rule|Evasion Items Clause: Evasion items are banned
|rule|Evasion Moves Clause: Evasion moves are banned
|rule|Evasion Abilities Clause: Evasion abilities are banned
|rule|Sleep Moves Clause: Sleep-inducing moves are banned
|clearpoke
|poke|p1|Hawlucha, F|
|poke|p1|Samurott-Hisui, F|
|poke|p1|Rillaboom, F|
|poke|p1|Gholdengo|
|poke|p1|Kyurem|
|poke|p1|Landorus-Therian, M|
|poke|p2|Moltres|
|poke|p2|Clodsire, M|
|poke|p2|Gliscor, M|
|poke|p2|Ting-Lu|
|poke|p2|Dondozo, F|
|poke|p2|Weezing-Galar, M|
|teampreview
|inactive|Battle timer is ON: inactive players will automatically lose when time's up. (requested by KurisuChestnutOU)
|
|t:|1781151919
|teamsize|p1|6
|teamsize|p2|6
|start
|switch|p1a: Rillaboom|Rillaboom, F|100/100
|switch|p2a: Weezing|Weezing-Galar, M|100/100
|-ability|p2a: Weezing|Neutralizing Gas
|turn|1
|
|t:|1781151927
|switch|p1a: Kyurem|Kyurem|100/100
|move|p2a: Weezing|Will-O-Wisp|p1a: Kyurem|[miss]
|-miss|p2a: Weezing|p1a: Kyurem
|
|upkeep
|turn|2
|
|t:|1781151934
|move|p1a: Kyurem|Ice Beam|p2a: Weezing
|-damage|p2a: Weezing|38/100
|-status|p2a: Weezing|frz
|cant|p2a: Weezing|frz
|
|upkeep
|turn|3
|-message|StormIsNotOmega forfeited.
|
|win|KurisuChestnutOU
|raw|KurisuChestnutOU's rating: 1536 &rarr; <strong>1557</strong><br />(+21 for winning)
|raw|StormIsNotOmega's rating: 1560 &rarr; <strong>1539</strong><br />(-21 for losing)
|l|☆StormIsNotOmega
|player|p2|
|l|☆KurisuChestnutOU
|player|p1|
