|j|вҳҶBlackStar150520
|j|вҳҶmoocowvin
|t:|1781346512
|gametype|singles
|player|p1|BlackStar150520|unknown|1768
|player|p2|moocowvin|acetrainersnowf|1574
|gen|9
|tier|[Gen 9] OU
|rated|
|rule|HP Percentage Mod: HP is shown in percentages
|rule|Endless Battle Clause: Forcing endless battles is banned
|rule|Species Clause: Limit one of each PokГ©mon
|rule|OHKO Clause: OHKO moves are banned
|rule|Evasion Items Clause: Evasion items are banned
|rule|Evasion Moves Clause: Evasion moves are banned
|rule|Evasion Abilities Clause: Evasion abilities are banned
|rule|Sleep Moves Clause: Sleep-inducing moves are banned
|clearpoke
|poke|p1|Kingambit, F|
|poke|p1|Iron Valiant|
|poke|p1|Cinderace, F|
|poke|p1|Raging Bolt|
|poke|p1|Ogerpon-Wellspring, F|
|poke|p1|Garchomp, M|
|poke|p2|Kingambit, M|
|poke|p2|Kommo-o, M|
|poke|p2|Iron Valiant|
|poke|p2|Kyurem|
|poke|p2|Iron Treads|
|poke|p2|Iron Crown|
|teampreview
|inactive|Battle timer is ON: inactive players will automatically lose when time's up. (requested by BlackStar150520)
|
|t:|1781346532
|teamsize|p1|6
|teamsize|p2|6
|start
|switch|p1a: рҹҺӯ|Ogerpon-Wellspring, F|100/100
|switch|p2a: Iron Valiant|Iron Valiant|100/100
|-enditem|p2a: Iron Valiant|Booster Energy
|-activate|p2a: Iron Valiant|ability: Quark Drive|[fromitem]
|-start|p2a: Iron Valiant|quarkdrivespe
|turn|1
|
|t:|1781346538
|move|p2a: Iron Valiant|Calm Mind|p2a: Iron Valiant
|-boost|p2a: Iron Valiant|spa|1
|-boost|p2a: Iron Valiant|spd|1
|move|p1a: рҹҺӯ|Encore|p2a: Iron Valiant
|-start|p2a: Iron Valiant|Encore
|
|upkeep
|turn|2
|
|t:|1781346541
|move|p2a: Iron Valiant|Calm Mind|p2a: Iron Valiant
|-boost|p2a: Iron Valiant|spa|1
|-boost|p2a: Iron Valiant|spd|1
|move|p1a: рҹҺӯ|Ivy Cudgel|p2a: Iron Valiant|[anim] Ivy Cudgel Water
|-crit|p2a: Iron Valiant
|-damage|p2a: Iron Valiant|0 fnt
|faint|p2a: Iron Valiant
|-end|p2a: Iron Valiant|Quark Drive|[silent]
|
|upkeep
|
|t:|1781346547
|switch|p2a: Iron Crown|Iron Crown|100/100
|turn|3
|
|t:|1781346554
|move|p1a: рҹҺӯ|Ivy Cudgel|p2a: Iron Crown|[anim] Ivy Cudgel Water
|-damage|p2a: Iron Crown|46/100
|move|p2a: Iron Crown|Agility|p2a: Iron Crown
|-boost|p2a: Iron Crown|spe|2
|
|upkeep
|turn|4
|
|t:|1781346557
|move|p2a: Iron Crown|Focus Blast|p1a: рҹҺӯ
|-damage|p1a: рҹҺӯ|57/100
|move|p1a: рҹҺӯ|Knock Off|p2a: Iron Crown
|-supereffective|p2a: Iron Crown
|-damage|p2a: Iron Crown|0 fnt
|-enditem|p2a: Iron Crown|Weakness Policy|[from] move: Knock Off|[of] p1a: рҹҺӯ
|faint|p2a: Iron Crown
|-end|p2a: Iron Crown|Quark Drive|[silent]
|
|upkeep
|
|t:|1781346567
|switch|p2a: Kyurem|Kyurem|100/100
|-ability|p2a: Kyurem|Pressure
|turn|5
|
|t:|1781346570
|move|p1a: рҹҺӯ|Knock Off|p2a: Kyurem
|-damage|p2a: Kyurem|63/100
|-enditem|p2a: Kyurem|Loaded Dice|[from] move: Knock Off|[of] p1a: рҹҺӯ
|move|p2a: Kyurem|Scale Shot|p1a: рҹҺӯ
|-damage|p1a: рҹҺӯ|39/100
|-damage|p1a: рҹҺӯ|23/100
|-damage|p1a: рҹҺӯ|6/100
|-hitcount|p1a: рҹҺӯ|3
|-unboost|p2a: Kyurem|def|1
|-boost|p2a: Kyurem|spe|1
|
|upkeep
|turn|6
|
|t:|1781346575
|move|p2a: Kyurem|Icicle Spear|p1a: рҹҺӯ
|-damage|p1a: рҹҺӯ|0 fnt
|faint|p1a: рҹҺӯ
|-hitcount|p1: рҹҺӯ|1
|
|upkeep
|
|t:|1781346580
|switch|p1a: Aizenрҹ—ЎпёҸ|Kingambit, F, shiny|100/100
|-activate|p1a: Aizenрҹ—ЎпёҸ|ability: Supreme Overlord
|-start|p1a: Aizenрҹ—ЎпёҸ|fallen1|[silent]
|turn|7
|
|t:|1781346582
|move|p2a: Kyurem|Earth Power|p1a: Aizenрҹ—ЎпёҸ
|-supereffective|p1a: Aizenрҹ—ЎпёҸ
|-damage|p1a: Aizenрҹ—ЎпёҸ|49/100
|move|p1a: Aizenрҹ—ЎпёҸ|Iron Head|p2a: Kyurem
|-supereffective|p2a: Kyurem
|-damage|p2a: Kyurem|0 fnt
|faint|p2a: Kyurem
|
|-heal|p1a: Aizenрҹ—ЎпёҸ|55/100|[from] item: Leftovers
|upkeep
|
|t:|1781346586
|switch|p2a: Kommo-o|Kommo-o, M|100/100
|turn|8
|
|t:|1781346593
|move|p2a: Kommo-o|Substitute|p2a: Kommo-o
|-start|p2a: Kommo-o|Substitute
|-damage|p2a: Kommo-o|75/100
|move|p1a: Aizenрҹ—ЎпёҸ|Iron Head|p2a: Kommo-o
|-end|p2a: Kommo-o|Substitute
|
|-heal|p1a: Aizenрҹ—ЎпёҸ|61/100|[from] item: Leftovers
|upkeep
|turn|9
|
|t:|1781346597
|move|p2a: Kommo-o|Drain Punch|p1a: Aizenрҹ—ЎпёҸ
|-supereffective|p1a: Aizenрҹ—ЎпёҸ
|-damage|p1a: Aizenрҹ—ЎпёҸ|0 fnt
|-heal|p2a: Kommo-o|100/100|[from] drain|[of] p1a: Aizenрҹ—ЎпёҸ
|faint|p1a: Aizenрҹ—ЎпёҸ
|-end|p1a: Aizenрҹ—ЎпёҸ|fallen1|[silent]
|
|upkeep
|
|t:|1781346604
|switch|p1a: рҹҰҲ|Garchomp, M, shiny|100/100
|turn|10
|
|t:|1781346614
|switch|p2a: Iron Treads|Iron Treads|100/100
|-enditem|p2a: Iron Treads|Booster Energy
|-activate|p2a: Iron Treads|ability: Quark Drive|[fromitem]
|-start|p2a: Iron Treads|quarkdrivespe
|move|p1a: рҹҰҲ|Draco Meteor|p2a: Iron Treads
|-resisted|p2a: Iron Treads
|-damage|p2a: Iron Treads|65/100
|-unboost|p1a: рҹҰҲ|spa|2
|-damage|p1a: рҹҰҲ|91/100|[from] item: Life Orb
|
|upkeep
|turn|11
|
|t:|1781346618
|move|p2a: Iron Treads|Stealth Rock|p1a: рҹҰҲ
|-sidestart|p1: BlackStar150520|move: Stealth Rock
|move|p1a: рҹҰҲ|Earthquake|p2a: Iron Treads
|-supereffective|p2a: Iron Treads
|-damage|p2a: Iron Treads|0 fnt
|faint|p2a: Iron Treads
|-end|p2a: Iron Treads|Quark Drive|[silent]
|-damage|p1a: рҹҰҲ|81/100|[from] item: Life Orb
|
|upkeep
|
|t:|1781346632
|switch|p2a: Kommo-o|Kommo-o, M|100/100
|turn|12
|
|t:|1781346636
|-terastallize|p2a: Kommo-o|Ghost
|move|p1a: рҹҰҲ|Draco Meteor|p2a: Kommo-o
|-damage|p2a: Kommo-o|70/100
|-unboost|p1a: рҹҰҲ|spa|2
|-damage|p1a: рҹҰҲ|71/100|[from] item: Life Orb
|move|p2a: Kommo-o|Belly Drum|p2a: Kommo-o
|-damage|p2a: Kommo-o|20/100
|-setboost|p2a: Kommo-o|atk|6|[from] move: Belly Drum
|-enditem|p2a: Kommo-o|Salac Berry|[eat]
|-boost|p2a: Kommo-o|spe|1|[from] item: Salac Berry
|
|upkeep
|turn|13
|
|t:|1781346639
|move|p2a: Kommo-o|Drain Punch|p1a: рҹҰҲ
|-damage|p1a: рҹҰҲ|0 fnt
|-heal|p2a: Kommo-o|55/100|[from] drain|[of] p1a: рҹҰҲ
|-damage|p2a: Kommo-o|43/100|[from] ability: Rough Skin|[of] p1a: рҹҰҲ
|faint|p1a: рҹҰҲ
|
|upkeep
|
|t:|1781346642
|switch|p1a: Hero|Iron Valiant|100/100
|-damage|p1a: Hero|94/100|[from] Stealth Rock
|-enditem|p1a: Hero|Booster Energy
|-activate|p1a: Hero|ability: Quark Drive|[fromitem]
|-start|p1a: Hero|quarkdrivespe
|turn|14
|
|t:|1781346651
|-terastallize|p1a: Hero|Ghost
|move|p1a: Hero|Shadow Ball|p2a: Kommo-o
|-supereffective|p2a: Kommo-o
|-damage|p2a: Kommo-o|0 fnt
|faint|p2a: Kommo-o
|
|upkeep
|
|t:|1781346653
|switch|p2a: Kingambit|Kingambit, M|100/100
|-activate|p2a: Kingambit|ability: Supreme Overlord
|-start|p2a: Kingambit|fallen5|[silent]
|turn|15
|
|t:|1781346657
|-end|p1a: Hero|Quark Drive|[silent]
|switch|p1a: BunnyGirlSenpai|Cinderace, F|100/100
|move|p2a: Kingambit|Swords Dance|p2a: Kingambit
|-boost|p2a: Kingambit|atk|2
|
|upkeep
|turn|16
|
|t:|1781346663
|move|p1a: BunnyGirlSenpai|Will-O-Wisp|p2a: Kingambit
|-status|p2a: Kingambit|brn
|-enditem|p2a: Kingambit|Lum Berry|[eat]
|-curestatus|p2a: Kingambit|brn|[msg]
|move|p2a: Kingambit|Low Kick|p1a: BunnyGirlSenpai
|-damage|p1a: BunnyGirlSenpai|6/100
|
|upkeep
|turn|17
|
|t:|1781346673
|move|p1a: BunnyGirlSenpai|Will-O-Wisp|p2a: Kingambit
|-status|p2a: Kingambit|brn
|move|p2a: Kingambit|Swords Dance|p2a: Kingambit
|-boost|p2a: Kingambit|atk|2
|
|-damage|p2a: Kingambit|94/100 brn|[from] brn
|upkeep
|turn|18
|
|t:|1781346676
|move|p2a: Kingambit|Sucker Punch||[still]
|-fail|p2a: Kingambit
|move|p1a: BunnyGirlSenpai|Court Change|p1a: BunnyGirlSenpai
|-swapsideconditions
|-activate|p1a: BunnyGirlSenpai|move: Court Change
|
|-damage|p2a: Kingambit|88/100 brn|[from] brn
|upkeep
|turn|19
|
|t:|1781346679
|move|p2a: Kingambit|Sucker Punch||[still]
|-fail|p2a: Kingambit
|move|p1a: BunnyGirlSenpai|Will-O-Wisp|p2a: Kingambit
|-fail|p2a: Kingambit|brn
|
|-damage|p2a: Kingambit|82/100 brn|[from] brn
|upkeep
|turn|20
|
|t:|1781346682
|move|p1a: BunnyGirlSenpai|Will-O-Wisp|p2a: Kingambit
|-fail|p2a: Kingambit|brn
|move|p2a: Kingambit|Low Kick|p1a: BunnyGirlSenpai
|-damage|p1a: BunnyGirlSenpai|0 fnt
|faint|p1a: BunnyGirlSenpai
|
|-damage|p2a: Kingambit|76/100 brn|[from] brn
|upkeep
|
|t:|1781346686
|switch|p1a: вҡЎпёҸ|Raging Bolt|100/100
|turn|21
|
|t:|1781346689
|move|p1a: вҡЎпёҸ|Thunderbolt|p2a: Kingambit
|-damage|p2a: Kingambit|18/100 brn
|move|p2a: Kingambit|Low Kick|p1a: вҡЎпёҸ
|-damage|p1a: вҡЎпёҸ|6/100
|
|-heal|p1a: вҡЎпёҸ|12/100|[from] item: Leftovers
|-damage|p2a: Kingambit|12/100 brn|[from] brn
|upkeep
|turn|22
|
|t:|1781346695
|move|p1a: вҡЎпёҸ|Thunderclap|p2a: Kingambit
|-crit|p2a: Kingambit
|-damage|p2a: Kingambit|0 fnt
|faint|p2a: Kingambit
|-end|p2a: Kingambit|fallen5|[silent]
|
|win|BlackStar150520
|raw|BlackStar150520's rating: 1768 &rarr; <strong>1778</strong><br />(+10 for winning)
|raw|moocowvin's rating: 1574 &rarr; <strong>1564</strong><br />(-10 for losing)
|l|вҳҶmoocowvin
|player|p2|
