|j|вҳҶHageverMelech
|j|вҳҶdrop a baby
|t:|1781102836
|gametype|singles
|player|p1|HageverMelech|ghetsis-gen5bw|1741
|player|p2|drop a baby|chase|1719
|gen|9
|tier|[Gen 9] OU
|rated|
|rule|HP Percentage Mod: HP is shown in percentages
|rule|Endless Battle Clause: Forcing endless battles is banned
|rule|Species Clause: Limit one of each PokГ©mon
|rule|OHKO Clause: OHKO moves are banned
|rule|Evasion Items Clause: Evasion items are banned
|rule|Evasion Moves Clause: Evasion moves are banned
|rule|Evasion Abilities Clause: Evasion abilities are banned
|rule|Sleep Moves Clause: Sleep-inducing moves are banned
|clearpoke
|poke|p1|Tyranitar, M|
|poke|p1|Corviknight, F|
|poke|p1|Slowking-Galar, F|
|poke|p1|Dondozo, M|
|poke|p1|Great Tusk|
|poke|p1|Dragapult, F|
|poke|p2|Darkrai|
|poke|p2|Deoxys-Speed|
|poke|p2|Raging Bolt|
|poke|p2|Kingambit, M|
|poke|p2|Iron Valiant|
|poke|p2|Great Tusk|
|teampreview
|inactive|Battle timer is ON: inactive players will automatically lose when time's up. (requested by HageverMelech)
|
|t:|1781102844
|teamsize|p1|6
|teamsize|p2|6
|start
|switch|p1a: Samir|Corviknight, F, shiny|100/100
|switch|p2a: Speedy Gonzales|Deoxys-Speed, shiny|100/100
|-ability|p2a: Speedy Gonzales|Pressure
|-ability|p1a: Samir|Pressure
|turn|1
|c|вҳҶdrop a baby|Hf bigger bro
|
|t:|1781102855
|move|p2a: Speedy Gonzales|Stealth Rock|p1a: Samir
|-sidestart|p1: HageverMelech|move: Stealth Rock
|move|p1a: Samir|Brave Bird|p2a: Speedy Gonzales
|-damage|p2a: Speedy Gonzales|32/100
|-damage|p1a: Samir|87/100|[from] Recoil
|
|upkeep
|turn|2
|
|t:|1781102862
|move|p2a: Speedy Gonzales|Taunt|p1a: Samir
|-start|p1a: Samir|move: Taunt
|cant|p1a: Samir|move: Taunt|Defog
|
|upkeep
|turn|3
|
|t:|1781102866
|move|p2a: Speedy Gonzales|Psycho Boost|p1a: Samir
|-resisted|p1a: Samir
|-damage|p1a: Samir|53/100
|-unboost|p2a: Speedy Gonzales|spa|2
|-damage|p2a: Speedy Gonzales|22/100|[from] item: Life Orb
|move|p1a: Samir|U-turn|p2a: Speedy Gonzales
|-supereffective|p2a: Speedy Gonzales
|-damage|p2a: Speedy Gonzales|0 fnt
|faint|p2a: Speedy Gonzales
|
|t:|1781102870
|switch|p1a: Yousef|Great Tusk|100/100|[from] U-turn
|
|upkeep
|c|вҳҶHageverMelech|gl mate
|
|t:|1781102883
|switch|p2a: рҹҺӯ|Iron Valiant, shiny|100/100
|-enditem|p2a: рҹҺӯ|Booster Energy
|-activate|p2a: рҹҺӯ|ability: Quark Drive|[fromitem]
|-start|p2a: рҹҺӯ|quarkdrivespe
|turn|4
|
|t:|1781102890
|move|p2a: рҹҺӯ|Calm Mind|p2a: рҹҺӯ
|-boost|p2a: рҹҺӯ|spa|1
|-boost|p2a: рҹҺӯ|spd|1
|move|p1a: Yousef|Rapid Spin|p2a: рҹҺӯ
|-damage|p2a: рҹҺӯ|76/100
|-boost|p1a: Yousef|spe|1
|-sideend|p1: HageverMelech|Stealth Rock|[from] move: Rapid Spin|[of] p1a: Yousef
|
|upkeep
|turn|5
|
|t:|1781102897
|-terastallize|p1a: Yousef|Steel
|move|p2a: рҹҺӯ|Calm Mind|p2a: рҹҺӯ
|-boost|p2a: рҹҺӯ|spa|1
|-boost|p2a: рҹҺӯ|spd|1
|move|p1a: Yousef|Headlong Rush|p2a: рҹҺӯ
|-damage|p2a: рҹҺӯ|0 fnt
|-unboost|p1a: Yousef|def|1
|-unboost|p1a: Yousef|spd|1
|faint|p2a: рҹҺӯ
|-end|p2a: рҹҺӯ|Quark Drive|[silent]
|
|upkeep
|
|t:|1781102901
|switch|p2a: BROTD|Great Tusk, shiny|100/100
|-enditem|p2a: BROTD|Booster Energy
|-activate|p2a: BROTD|ability: Protosynthesis|[fromitem]
|-start|p2a: BROTD|protosynthesisspe
|turn|6
|
|t:|1781102906
|-end|p1a: Yousef|Protosynthesis|[silent]
|switch|p1a: Samir|Corviknight, F, shiny|53/100
|-ability|p1a: Samir|Pressure
|move|p2a: BROTD|Bulk Up|p2a: BROTD
|-boost|p2a: BROTD|atk|1
|-boost|p2a: BROTD|def|1
|
|upkeep
|turn|7
|
|t:|1781102908
|move|p2a: BROTD|Taunt|p1a: Samir
|-start|p1a: Samir|move: Taunt
|cant|p1a: Samir|move: Taunt|Roost
|
|upkeep
|turn|8
|
|t:|1781102909
|move|p2a: BROTD|Bulk Up|p2a: BROTD
|-boost|p2a: BROTD|atk|1
|-boost|p2a: BROTD|def|1
|move|p1a: Samir|U-turn|p2a: BROTD
|-resisted|p2a: BROTD
|-damage|p2a: BROTD|98/100
|j| newhere1310
|
|t:|1781102911
|switch|p1a: Kareem|Dondozo, M, shiny|100/100|[from] U-turn
|
|upkeep
|turn|9
|
|t:|1781102912
|move|p2a: BROTD|Headlong Rush|p1a: Kareem
|-damage|p1a: Kareem|77/100
|-unboost|p2a: BROTD|def|1
|-unboost|p2a: BROTD|spd|1
|move|p1a: Kareem|Waterfall|p2a: BROTD
|-supereffective|p2a: BROTD
|-damage|p2a: BROTD|62/100
|
|-heal|p1a: Kareem|83/100|[from] item: Leftovers
|upkeep
|turn|10
|
|t:|1781102915
|move|p2a: BROTD|Headlong Rush|p1a: Kareem
|-damage|p1a: Kareem|59/100
|-unboost|p2a: BROTD|def|1
|-unboost|p2a: BROTD|spd|1
|move|p1a: Kareem|Waterfall|p2a: BROTD
|-supereffective|p2a: BROTD
|-damage|p2a: BROTD|27/100
|
|-heal|p1a: Kareem|66/100|[from] item: Leftovers
|upkeep
|turn|11
|
|t:|1781102918
|move|p2a: BROTD|Headlong Rush|p1a: Kareem
|-damage|p1a: Kareem|41/100
|-unboost|p2a: BROTD|def|1
|-unboost|p2a: BROTD|spd|1
|move|p1a: Kareem|Waterfall|p2a: BROTD
|-supereffective|p2a: BROTD
|-damage|p2a: BROTD|0 fnt
|faint|p2a: BROTD
|-end|p2a: BROTD|Protosynthesis|[silent]
|
|-heal|p1a: Kareem|47/100|[from] item: Leftovers
|upkeep
|j| choispecs ironmoth
|
|t:|1781102921
|switch|p2a: IMU|Darkrai|100/100
|turn|12
|
|t:|1781102925
|switch|p1a: Samir|Corviknight, F, shiny|53/100
|-ability|p1a: Samir|Pressure
|move|p2a: IMU|Nasty Plot|p2a: IMU
|-boost|p2a: IMU|spa|2
|
|upkeep
|turn|13
|
|t:|1781102927
|move|p2a: IMU|Dark Pulse|p1a: Samir
|-damage|p1a: Samir|0 fnt
|faint|p1a: Samir
|
|upkeep
|
|t:|1781102930
|switch|p1a: Nur|Dragapult, F|100/100
|turn|14
|
|t:|1781102932
|move|p1a: Nur|U-turn|p2a: IMU
|-supereffective|p2a: IMU
|-damage|p2a: IMU|55/100
|
|t:|1781102947
|switch|p1a: Ahmed|Tyranitar, M|100/100|[from] U-turn
|-weather|Sandstorm|[from] ability: Sand Stream|[of] p1a: Ahmed
|move|p2a: IMU|Ice Beam|p1a: Ahmed
|-damage|p1a: Ahmed|59/100
|-status|p1a: Ahmed|frz
|
|-weather|Sandstorm|[upkeep]
|-damage|p2a: IMU|49/100|[from] Sandstorm
|upkeep
|turn|15
|
|t:|1781102951
|move|p2a: IMU|Ice Beam|p1a: Ahmed
|-damage|p1a: Ahmed|14/100 frz
|cant|p1a: Ahmed|frz
|
|-weather|Sandstorm|[upkeep]
|-damage|p2a: IMU|43/100|[from] Sandstorm
|upkeep
|turn|16
|
|t:|1781102956
|move|p2a: IMU|Dark Pulse|p1a: Ahmed
|-resisted|p1a: Ahmed
|-damage|p1a: Ahmed|0 fnt
|faint|p1a: Ahmed
|
|-weather|Sandstorm|[upkeep]
|-damage|p2a: IMU|37/100|[from] Sandstorm
|upkeep
|
|t:|1781102961
|switch|p1a: Nur|Dragapult, F|100/100
|turn|17
|
|t:|1781102963
|move|p1a: Nur|U-turn|p2a: IMU
|-supereffective|p2a: IMU
|-damage|p2a: IMU|0 fnt
|faint|p2a: IMU
|
|t:|1781102966
|switch|p1a: Yousef|Great Tusk, tera:Steel|100/100|[from] U-turn
|
|-weather|Sandstorm|[upkeep]
|upkeep
|
|t:|1781102968
|switch|p2a: Hito no mi ModelвҡЎпёҸ|Raging Bolt|100/100
|-enditem|p2a: Hito no mi ModelвҡЎпёҸ|Booster Energy
|-activate|p2a: Hito no mi ModelвҡЎпёҸ|ability: Protosynthesis|[fromitem]
|-start|p2a: Hito no mi ModelвҡЎпёҸ|protosynthesisspa
|turn|18
|
|t:|1781102970
|move|p2a: Hito no mi ModelвҡЎпёҸ|Thunderclap|p1a: Yousef
|-damage|p1a: Yousef|19/100
|move|p1a: Yousef|Headlong Rush|p2a: Hito no mi ModelвҡЎпёҸ
|-supereffective|p2a: Hito no mi ModelвҡЎпёҸ
|-damage|p2a: Hito no mi ModelвҡЎпёҸ|0 fnt
|-unboost|p1a: Yousef|def|1
|-unboost|p1a: Yousef|spd|1
|faint|p2a: Hito no mi ModelвҡЎпёҸ
|-end|p2a: Hito no mi ModelвҡЎпёҸ|Protosynthesis|[silent]
|
|-weather|none
|upkeep
|
|t:|1781102972
|switch|p2a: Mihawk|Kingambit, M|100/100
|-activate|p2a: Mihawk|ability: Supreme Overlord
|-start|p2a: Mihawk|fallen5|[silent]
|turn|19
|
|t:|1781102975
|move|p2a: Mihawk|Sucker Punch|p1a: Yousef
|-damage|p1a: Yousef|0 fnt
|faint|p1a: Yousef
|-end|p1a: Yousef|Protosynthesis|[silent]
|
|upkeep
|
|t:|1781102976
|switch|p1a: Kareem|Dondozo, M, shiny|47/100
|turn|20
|
|t:|1781102979
|-terastallize|p2a: Mihawk|Dark
|move|p2a: Mihawk|Kowtow Cleave|p1a: Kareem
|-damage|p1a: Kareem|0 fnt
|faint|p1a: Kareem
|
|upkeep
|c|вҳҶHageverMelech|wp
|
|t:|1781102992
|switch|p1a: Abu Namir|Slowking-Galar, F|100/100
|turn|21
|
|t:|1781102994
|move|p2a: Mihawk|Kowtow Cleave|p1a: Abu Namir
|-supereffective|p1a: Abu Namir
|-damage|p1a: Abu Namir|0 fnt
|faint|p1a: Abu Namir
|
|upkeep
|
|t:|1781102996
|switch|p1a: Nur|Dragapult, F|100/100
|turn|22
|c|вҳҶdrop a baby|Gg
|
|t:|1781103001
|move|p2a: Mihawk|Sucker Punch|p1a: Nur
|-supereffective|p1a: Nur
|-damage|p1a: Nur|0 fnt
|faint|p1a: Nur
|
|win|drop a baby
|raw|HageverMelech's rating: 1741 &rarr; <strong>1720</strong><br />(-21 for losing)
|raw|drop a baby's rating: 1719 &rarr; <strong>1740</strong><br />(+21 for winning)
|l| newhere1310
|l|вҳҶHageverMelech
|player|p1|
