|j|☆smithwick1
|j|☆pepinoloko
|t:|1780957551
|gametype|singles
|player|p1|smithwick1|169|1584
|player|p2|pepinoloko|byron|1624
|gen|9
|tier|[Gen 9] OU
|rated|
|rule|HP Percentage Mod: HP is shown in percentages
|rule|Endless Battle Clause: Forcing endless battles is banned
|rule|Species Clause: Limit one of each Pokémon
|rule|OHKO Clause: OHKO moves are banned
|rule|Evasion Items Clause: Evasion items are banned
|rule|Evasion Moves Clause: Evasion moves are banned
|rule|Evasion Abilities Clause: Evasion abilities are banned
|rule|Sleep Moves Clause: Sleep-inducing moves are banned
|clearpoke
|poke|p1|Zamazenta-*|
|poke|p1|Dragapult, F|
|poke|p1|Pecharunt|
|poke|p1|Ogerpon-Wellspring, F|
|poke|p1|Iron Treads|
|poke|p1|Kingambit, M|
|poke|p2|Zoroark-Hisui, F|
|poke|p2|Cinderace, F|
|poke|p2|Araquanid, M|
|poke|p2|Breloom, F|
|poke|p2|Hydrapple, F|
|poke|p2|Grimmsnarl, M|
|teampreview
|inactive|Battle timer is ON: inactive players will automatically lose when time's up. (requested by smithwick1)
|inactive|pepinoloko has 120 seconds left.
|
|t:|1780957609
|teamsize|p1|6
|teamsize|p2|6
|start
|switch|p1a: Iron Treads|Iron Treads|100/100
|switch|p2a: Love has a name|Grimmsnarl, M|100/100
|-enditem|p1a: Iron Treads|Booster Energy
|-activate|p1a: Iron Treads|ability: Quark Drive|[fromitem]
|-start|p1a: Iron Treads|quarkdrivespe
|turn|1
|inactive|smithwick1 has 120 seconds left.
|inactive|smithwick1 has 90 seconds left.
|
|t:|1780957697
|move|p1a: Iron Treads|Knock Off|p2a: Love has a name
|-supereffective|p2a: Love has a name
|-damage|p2a: Love has a name|0 fnt
|replace|p2a: The end is nigh|Zoroark-Hisui, F
|-end|p2a: The end is nigh|Illusion
|-enditem|p2a: The end is nigh|Choice Specs|[from] move: Knock Off|[of] p1a: Iron Treads
|faint|p2a: The end is nigh
|
|upkeep
|
|t:|1780957703
|switch|p2a: Breloom|Breloom, F|100/100
|turn|2
|
|t:|1780957710
|-end|p1a: Iron Treads|Quark Drive|[silent]
|switch|p1a: Pecharunt|Pecharunt|100/100
|move|p2a: Breloom|Swords Dance|p2a: Breloom
|-boost|p2a: Breloom|atk|2
|
|upkeep
|turn|3
|
|t:|1780957715
|move|p1a: Pecharunt|Malignant Chain|p2a: Breloom
|-supereffective|p2a: Breloom
|-damage|p2a: Breloom|0 fnt
|faint|p2a: Breloom
|
|upkeep
|-message|pepinoloko forfeited.
|
|win|smithwick1
|raw|smithwick1's rating: 1584 &rarr; <strong>1606</strong><br />(+22 for winning)
|raw|pepinoloko's rating: 1624 &rarr; <strong>1602</strong><br />(-22 for losing)
|l|☆pepinoloko
|player|p2|
|l|☆smithwick1
|player|p1|
