|j|☆KurisuChestnutLab
|j|‽ayerbe
|t:|1781134794
|gametype|singles
|player|p1|KurisuChestnutLab|may-contest|1668
|player|p2|ayerbe|blackbelt-gen4dp|1641
|gen|9
|tier|[Gen 9] OU
|rated|
|rule|HP Percentage Mod: HP is shown in percentages
|rule|Endless Battle Clause: Forcing endless battles is banned
|rule|Species Clause: Limit one of each Pokémon
|rule|OHKO Clause: OHKO moves are banned
|rule|Evasion Items Clause: Evasion items are banned
|rule|Evasion Moves Clause: Evasion moves are banned
|rule|Evasion Abilities Clause: Evasion abilities are banned
|rule|Sleep Moves Clause: Sleep-inducing moves are banned
|clearpoke
|poke|p1|Primarina, M|
|poke|p1|Hippowdon, M|
|poke|p1|Skarmory, M|
|poke|p1|Zapdos|
|poke|p1|Dragonite, F|
|poke|p1|Slowking, F|
|poke|p2|Great Tusk|
|poke|p2|Scizor, M|
|poke|p2|Garganacl, M|
|poke|p2|Ting-Lu|
|poke|p2|Raging Bolt|
|poke|p2|Gholdengo|
|teampreview
|inactive|Battle timer is ON: inactive players will automatically lose when time's up. (requested by ayerbe)
|
|t:|1781134799
|teamsize|p1|6
|teamsize|p2|6
|start
|switch|p1a: Primarina|Primarina, M|100/100
|switch|p2a: Ting-Lu|Ting-Lu|100/100
|-ability|p2a: Ting-Lu|Vessel of Ruin
|turn|1
|inactive|KurisuChestnutLab also wants the timer to be on.
|
|t:|1781134806
|move|p1a: Primarina|Moonblast|p2a: Ting-Lu
|-supereffective|p2a: Ting-Lu
|-damage|p2a: Ting-Lu|52/100
|move|p2a: Ting-Lu|Stealth Rock|p1a: Primarina
|-sidestart|p1: KurisuChestnutLab|move: Stealth Rock
|
|-heal|p2a: Ting-Lu|58/100|[from] item: Leftovers
|upkeep
|turn|2
|
|t:|1781134814
|switch|p2a: Gholdengo|Gholdengo|100/100
|move|p1a: Primarina|Moonblast|p2a: Gholdengo
|-resisted|p2a: Gholdengo
|-crit|p2a: Gholdengo
|-damage|p2a: Gholdengo|53/100
|-unboost|p2a: Gholdengo|spa|1
|
|upkeep
|turn|3
|
|t:|1781134821
|move|p2a: Gholdengo|Thunderbolt|p1a: Primarina
|-supereffective|p1a: Primarina
|-damage|p1a: Primarina|75/100
|move|p1a: Primarina|Surf|p2a: Gholdengo
|-damage|p2a: Gholdengo|0 fnt
|faint|p2a: Gholdengo
|
|upkeep
|
|t:|1781134826
|switch|p2a: Raging Bolt|Raging Bolt|100/100
|turn|4
|
|t:|1781134831
|-end|p2a: Raging Bolt|Protosynthesis|[silent]
|switch|p2a: Ting-Lu|Ting-Lu|58/100
|-ability|p2a: Ting-Lu|Vessel of Ruin
|move|p1a: Primarina|Moonblast|p2a: Ting-Lu
|-supereffective|p2a: Ting-Lu
|-damage|p2a: Ting-Lu|13/100
|
|-heal|p2a: Ting-Lu|19/100|[from] item: Leftovers
|upkeep
|turn|5
|
|t:|1781134835
|switch|p2a: Raging Bolt|Raging Bolt|100/100
|move|p1a: Primarina|Moonblast|p2a: Raging Bolt
|-supereffective|p2a: Raging Bolt
|-damage|p2a: Raging Bolt|42/100
|-unboost|p2a: Raging Bolt|spa|1
|
|upkeep
|turn|6
|-message|ayerbe forfeited.
|
|win|KurisuChestnutLab
|raw|KurisuChestnutLab's rating: 1668 &rarr; <strong>1686</strong><br />(+18 for winning)
|raw|ayerbe's rating: 1641 &rarr; <strong>1623</strong><br />(-18 for losing)
|l|‽ayerbe
|player|p2|
