|j|ŌśåIvanõĖČlikeTop
|j|Ōśårekjllj
|t:|1781273621
|gametype|singles
|player|p1|IvanõĖČlikeTop|cynthia|1571
|player|p2|rekjllj|169|1632
|gen|9
|tier|[Gen 9] OU
|rated|
|rule|HP Percentage Mod: HP is shown in percentages
|rule|Endless Battle Clause: Forcing endless battles is banned
|rule|Species Clause: Limit one of each Pok├®mon
|rule|OHKO Clause: OHKO moves are banned
|rule|Evasion Items Clause: Evasion items are banned
|rule|Evasion Moves Clause: Evasion moves are banned
|rule|Evasion Abilities Clause: Evasion abilities are banned
|rule|Sleep Moves Clause: Sleep-inducing moves are banned
|clearpoke
|poke|p1|Iron Valiant|
|poke|p1|Great Tusk|
|poke|p1|Raging Bolt|
|poke|p1|Mamoswine, F|
|poke|p1|Ogerpon, F|
|poke|p1|Moltres|
|poke|p2|Kingambit, M|
|poke|p2|Kommo-o, M|
|poke|p2|Iron Valiant|
|poke|p2|Kyurem|
|poke|p2|Iron Treads|
|poke|p2|Iron Crown|
|teampreview
|c|Ōśårekjllj|hf
|inactive|Battle timer is ON: inactive players will automatically lose when time's up. (requested by rekjllj)
|
|t:|1781273637
|teamsize|p1|6
|teamsize|p2|6
|start
|switch|p1a: Ogerpon|Ogerpon, F|100/100
|switch|p2a: Iron Crown|Iron Crown|100/100
|-enditem|p2a: Iron Crown|Booster Energy
|-activate|p2a: Iron Crown|ability: Quark Drive|[fromitem]
|-start|p2a: Iron Crown|quarkdrivespe
|turn|1
|
|t:|1781273643
|move|p2a: Iron Crown|Calm Mind|p2a: Iron Crown
|-boost|p2a: Iron Crown|spa|1
|-boost|p2a: Iron Crown|spd|1
|move|p1a: Ogerpon|U-turn|p2a: Iron Crown
|-damage|p2a: Iron Crown|66/100
|
|t:|1781273646
|switch|p1a: Iron Valiant|Iron Valiant|100/100|[from] U-turn
|-enditem|p1a: Iron Valiant|Booster Energy
|-activate|p1a: Iron Valiant|ability: Quark Drive|[fromitem]
|-start|p1a: Iron Valiant|quarkdrivespe
|
|upkeep
|turn|2
|
|t:|1781273652
|move|p1a: Iron Valiant|Encore|p2a: Iron Crown
|-start|p2a: Iron Crown|Encore
|move|p2a: Iron Crown|Calm Mind|p2a: Iron Crown
|-boost|p2a: Iron Crown|spa|1
|-boost|p2a: Iron Crown|spd|1
|
|upkeep
|turn|3
|
|t:|1781273658
|move|p1a: Iron Valiant|Calm Mind|p1a: Iron Valiant
|-boost|p1a: Iron Valiant|spa|1
|-boost|p1a: Iron Valiant|spd|1
|move|p2a: Iron Crown|Calm Mind|p2a: Iron Crown
|-boost|p2a: Iron Crown|spa|1
|-boost|p2a: Iron Crown|spd|1
|
|upkeep
|turn|4
|
|t:|1781273664
|move|p1a: Iron Valiant|Calm Mind|p1a: Iron Valiant
|-boost|p1a: Iron Valiant|spa|1
|-boost|p1a: Iron Valiant|spd|1
|move|p2a: Iron Crown|Calm Mind|p2a: Iron Crown
|-boost|p2a: Iron Crown|spa|1
|-boost|p2a: Iron Crown|spd|1
|
|-end|p2a: Iron Crown|Encore
|upkeep
|turn|5
|
|t:|1781273671
|move|p1a: Iron Valiant|Encore|p2a: Iron Crown
|-start|p2a: Iron Crown|Encore
|move|p2a: Iron Crown|Calm Mind|p2a: Iron Crown
|-boost|p2a: Iron Crown|spa|1
|-boost|p2a: Iron Crown|spd|1
|
|upkeep
|turn|6
|
|t:|1781273677
|move|p1a: Iron Valiant|Calm Mind|p1a: Iron Valiant
|-boost|p1a: Iron Valiant|spa|1
|-boost|p1a: Iron Valiant|spd|1
|move|p2a: Iron Crown|Calm Mind|p2a: Iron Crown
|-boost|p2a: Iron Crown|spa|1
|-boost|p2a: Iron Crown|spd|1
|
|upkeep
|turn|7
|
|t:|1781273685
|move|p1a: Iron Valiant|Calm Mind|p1a: Iron Valiant
|-boost|p1a: Iron Valiant|spa|1
|-boost|p1a: Iron Valiant|spd|1
|move|p2a: Iron Crown|Calm Mind|p2a: Iron Crown
|-boost|p2a: Iron Crown|spa|0
|-boost|p2a: Iron Crown|spd|0
|
|-end|p2a: Iron Crown|Encore
|upkeep
|turn|8
|
|t:|1781273691
|move|p1a: Iron Valiant|Encore|p2a: Iron Crown
|-start|p2a: Iron Crown|Encore
|move|p2a: Iron Crown|Calm Mind|p2a: Iron Crown
|-boost|p2a: Iron Crown|spa|0
|-boost|p2a: Iron Crown|spd|0
|
|upkeep
|turn|9
|
|t:|1781273700
|move|p1a: Iron Valiant|Moonblast|p2a: Iron Crown
|-resisted|p2a: Iron Crown
|-damage|p2a: Iron Crown|51/100
|move|p2a: Iron Crown|Calm Mind|p2a: Iron Crown
|-boost|p2a: Iron Crown|spa|0
|-boost|p2a: Iron Crown|spd|0
|
|upkeep
|turn|10
|
|t:|1781273704
|move|p1a: Iron Valiant|Calm Mind|p1a: Iron Valiant
|-boost|p1a: Iron Valiant|spa|1
|-boost|p1a: Iron Valiant|spd|1
|move|p2a: Iron Crown|Calm Mind|p2a: Iron Crown
|-boost|p2a: Iron Crown|spa|0
|-boost|p2a: Iron Crown|spd|0
|
|-end|p2a: Iron Crown|Encore
|upkeep
|turn|11
|
|t:|1781273707
|move|p1a: Iron Valiant|Encore|p2a: Iron Crown
|-start|p2a: Iron Crown|Encore
|move|p2a: Iron Crown|Calm Mind|p2a: Iron Crown
|-boost|p2a: Iron Crown|spa|0
|-boost|p2a: Iron Crown|spd|0
|
|upkeep
|turn|12
|
|t:|1781273711
|move|p1a: Iron Valiant|Moonblast|p2a: Iron Crown
|-resisted|p2a: Iron Crown
|-damage|p2a: Iron Crown|33/100
|move|p2a: Iron Crown|Calm Mind|p2a: Iron Crown
|-boost|p2a: Iron Crown|spa|0
|-boost|p2a: Iron Crown|spd|0
|
|upkeep
|turn|13
|
|t:|1781273715
|move|p1a: Iron Valiant|Moonblast|p2a: Iron Crown
|-resisted|p2a: Iron Crown
|-damage|p2a: Iron Crown|13/100
|-unboost|p2a: Iron Crown|spa|1
|move|p2a: Iron Crown|Calm Mind|p2a: Iron Crown
|-boost|p2a: Iron Crown|spa|1
|-boost|p2a: Iron Crown|spd|0
|
|-end|p2a: Iron Crown|Encore
|upkeep
|turn|14
|
|t:|1781273719
|move|p1a: Iron Valiant|Encore|p2a: Iron Crown
|-start|p2a: Iron Crown|Encore
|move|p2a: Iron Crown|Calm Mind|p2a: Iron Crown
|-boost|p2a: Iron Crown|spa|0
|-boost|p2a: Iron Crown|spd|0
|
|upkeep
|turn|15
|
|t:|1781273723
|move|p1a: Iron Valiant|Calm Mind|p1a: Iron Valiant
|-boost|p1a: Iron Valiant|spa|1
|-boost|p1a: Iron Valiant|spd|1
|move|p2a: Iron Crown|Calm Mind|p2a: Iron Crown
|-boost|p2a: Iron Crown|spa|0
|-boost|p2a: Iron Crown|spd|0
|
|upkeep
|turn|16
|
|t:|1781273727
|move|p1a: Iron Valiant|Moonblast|p2a: Iron Crown
|-resisted|p2a: Iron Crown
|-damage|p2a: Iron Crown|0 fnt
|faint|p2a: Iron Crown
|-end|p2a: Iron Crown|Quark Drive|[silent]
|
|upkeep
|
|t:|1781273731
|switch|p2a: Iron Valiant|Iron Valiant|100/100
|-enditem|p2a: Iron Valiant|Booster Energy
|-activate|p2a: Iron Valiant|ability: Quark Drive|[fromitem]
|-start|p2a: Iron Valiant|quarkdrivespe
|turn|17
|
|t:|1781273742
|-terastallize|p1a: Iron Valiant|Ghost
|move|p1a: Iron Valiant|Moonblast|p2a: Iron Valiant
|-supereffective|p2a: Iron Valiant
|-damage|p2a: Iron Valiant|0 fnt
|faint|p2a: Iron Valiant
|-end|p2a: Iron Valiant|Quark Drive|[silent]
|
|upkeep
|
|t:|1781273745
|switch|p2a: Kingambit|Kingambit, M|100/100
|-activate|p2a: Kingambit|ability: Supreme Overlord
|-start|p2a: Kingambit|fallen2|[silent]
|turn|18
|
|t:|1781273755
|-end|p1a: Iron Valiant|Quark Drive|[silent]
|switch|p1a: Great Tusk|Great Tusk|100/100
|move|p2a: Kingambit|Sucker Punch||[still]
|-fail|p2a: Kingambit
|
|upkeep
|turn|19
|
|t:|1781273766
|-end|p2a: Kingambit|fallen2|[silent]
|switch|p2a: Kyurem|Kyurem|100/100
|-ability|p2a: Kyurem|Pressure
|move|p1a: Great Tusk|Stealth Rock|p2a: Kyurem
|-sidestart|p2: rekjllj|move: Stealth Rock
|
|upkeep
|turn|20
|
|t:|1781273772
|-end|p1a: Great Tusk|Protosynthesis|[silent]
|switch|p1a: Mamoswine|Mamoswine, F|100/100
|move|p2a: Kyurem|Dragon Dance|p2a: Kyurem
|-boost|p2a: Kyurem|atk|1
|-boost|p2a: Kyurem|spe|1
|
|upkeep
|turn|21
|
|t:|1781273778
|move|p2a: Kyurem|Icicle Spear|p1a: Mamoswine
|-damage|p1a: Mamoswine|78/100
|-damage|p1a: Mamoswine|56/100
|-damage|p1a: Mamoswine|33/100
|-damage|p1a: Mamoswine|11/100
|-hitcount|p1a: Mamoswine|4
|move|p1a: Mamoswine|Knock Off|p2a: Kyurem
|-damage|p2a: Kyurem|47/100
|-enditem|p2a: Kyurem|Loaded Dice|[from] move: Knock Off|[of] p1a: Mamoswine
|
|upkeep
|turn|22
|
|t:|1781273802
|switch|p1a: Raging Bolt|Raging Bolt|100/100
|move|p2a: Kyurem|Icicle Spear|p1a: Raging Bolt
|-supereffective|p1a: Raging Bolt
|-damage|p1a: Raging Bolt|63/100
|-supereffective|p1a: Raging Bolt
|-damage|p1a: Raging Bolt|27/100
|-hitcount|p1a: Raging Bolt|2
|
|upkeep
|turn|23
|
|t:|1781273809
|move|p2a: Kyurem|Icicle Spear|p1a: Raging Bolt
|-supereffective|p1a: Raging Bolt
|-damage|p1a: Raging Bolt|0 fnt
|faint|p1a: Raging Bolt
|-end|p1a: Raging Bolt|Protosynthesis|[silent]
|-hitcount|p1: Raging Bolt|1
|
|upkeep
|
|t:|1781273819
|switch|p1a: Ogerpon|Ogerpon, F|100/100
|turn|24
|
|t:|1781273826
|switch|p1a: Moltres|Moltres|100/100
|move|p2a: Kyurem|Icicle Spear|p1a: Moltres
|-damage|p1a: Moltres|87/100
|-damage|p1a: Moltres|73/100
|-damage|p1a: Moltres|60/100
|-damage|p1a: Moltres|47/100
|-hitcount|p1a: Moltres|4
|
|upkeep
|turn|25
|
|t:|1781273833
|move|p2a: Kyurem|Icicle Spear|p1a: Moltres
|-damage|p1a: Moltres|34/100
|-damage|p1a: Moltres|20/100
|-damage|p1a: Moltres|8/100
|-hitcount|p1a: Moltres|3
|move|p1a: Moltres|Roost|p1a: Moltres
|-heal|p1a: Moltres|58/100
|-singleturn|p1a: Moltres|move: Roost
|
|upkeep
|turn|26
|
|t:|1781273839
|move|p2a: Kyurem|Icicle Spear|p1a: Moltres
|-damage|p1a: Moltres|45/100
|-damage|p1a: Moltres|32/100
|-damage|p1a: Moltres|19/100
|-damage|p1a: Moltres|7/100
|-damage|p1a: Moltres|0 fnt
|faint|p1a: Moltres
|-hitcount|p1: Moltres|5
|
|upkeep
|
|t:|1781273852
|switch|p1a: Mamoswine|Mamoswine, F|11/100
|turn|27
|
|t:|1781273858
|move|p1a: Mamoswine|Ice Shard|p2a: Kyurem
|-damage|p2a: Kyurem|16/100
|move|p2a: Kyurem|Icicle Spear|p1a: Mamoswine
|-damage|p1a: Mamoswine|0 fnt
|faint|p1a: Mamoswine
|-hitcount|p1: Mamoswine|1
|
|upkeep
|
|t:|1781273861
|switch|p1a: Iron Valiant|Iron Valiant, tera:Ghost|100/100
|turn|28
|
|t:|1781273865
|move|p2a: Kyurem|Icicle Spear|p1a: Iron Valiant
|-damage|p1a: Iron Valiant|78/100
|-damage|p1a: Iron Valiant|53/100
|-hitcount|p1a: Iron Valiant|2
|move|p1a: Iron Valiant|Moonblast|p2a: Kyurem
|-supereffective|p2a: Kyurem
|-damage|p2a: Kyurem|0 fnt
|faint|p2a: Kyurem
|
|upkeep
|
|t:|1781273869
|switch|p2a: Kingambit|Kingambit, M|100/100
|-damage|p2a: Kingambit|94/100|[from] Stealth Rock
|-activate|p2a: Kingambit|ability: Supreme Overlord
|-start|p2a: Kingambit|fallen3|[silent]
|turn|29
|
|t:|1781273878
|-end|p1a: Iron Valiant|Quark Drive|[silent]
|switch|p1a: Great Tusk|Great Tusk|100/100
|-terastallize|p2a: Kingambit|Ghost
|move|p2a: Kingambit|Iron Head|p1a: Great Tusk
|-damage|p1a: Great Tusk|56/100
|
|-heal|p2a: Kingambit|100/100|[from] item: Leftovers
|upkeep
|turn|30
|
|t:|1781273886
|-end|p1a: Great Tusk|Protosynthesis|[silent]
|switch|p1a: Iron Valiant|Iron Valiant, tera:Ghost|53/100
|move|p2a: Kingambit|Iron Head|p1a: Iron Valiant
|-damage|p1a: Iron Valiant|0 fnt
|faint|p1a: Iron Valiant
|-end|p1a: Iron Valiant|Quark Drive|[silent]
|
|upkeep
|
|t:|1781273895
|switch|p1a: Great Tusk|Great Tusk|56/100
|turn|31
|-message|IvanõĖČlikeTop forfeited.
|
|win|rekjllj
|raw|IvanõĖČlikeTop's rating: 1571 &rarr; <strong>1554</strong><br />(-17 for losing)
|raw|rekjllj's rating: 1632 &rarr; <strong>1649</strong><br />(+17 for winning)
|l|ŌśåIvanõĖČlikeTop
|player|p1|
|c|Ōśårekjllj|gg
