|badge|p1|bronze|gen9ubers|100-9
|uhtml|medal-msg|<div class="broadcast-blue">Curious what those medals under the avatar are? PS now has Ladder Seasons! For more information, check out the <a href="https://www.smogon.com/forums/threads/3740067/">thread on Smogon.</a></div>
|j|☆goodnightnite
|j|☆bongzongweedluvr
|t:|1780983731
|gametype|singles
|player|p1|goodnightnite|miku-water|1600
|player|p2|bongzongweedluvr|1|1594
|gen|9
|tier|[Gen 9] OU
|rated|
|rule|HP Percentage Mod: HP is shown in percentages
|rule|Endless Battle Clause: Forcing endless battles is banned
|rule|Species Clause: Limit one of each Pokémon
|rule|OHKO Clause: OHKO moves are banned
|rule|Evasion Items Clause: Evasion items are banned
|rule|Evasion Moves Clause: Evasion moves are banned
|rule|Evasion Abilities Clause: Evasion abilities are banned
|rule|Sleep Moves Clause: Sleep-inducing moves are banned
|clearpoke
|poke|p1|Primarina, M|
|poke|p1|Zamazenta-*|
|poke|p1|Gholdengo|
|poke|p1|Rillaboom, M|
|poke|p1|Glimmora, M|
|poke|p1|Hydreigon, M|
|poke|p2|Greninja-*, M|
|poke|p2|Glimmora, F|
|poke|p2|Garchomp, M|
|poke|p2|Iron Valiant|
|poke|p2|Ceruledge, M|
|poke|p2|Kingambit, M|
|teampreview
|inactive|Battle timer is ON: inactive players will automatically lose when time's up. (requested by bongzongweedluvr)
|inactive|goodnightnite also wants the timer to be on.
|
|t:|1780983755
|teamsize|p1|6
|teamsize|p2|6
|start
|switch|p1a: Hybrid|Hydreigon, M, shiny|100/100
|switch|p2a: Greninja|Greninja, M|100/100
|turn|1
|inactive|goodnightnite has 120 seconds left.
|inactive|goodnightnite has 90 seconds left.
|inactive|goodnightnite has 60 seconds left.
|inactive|goodnightnite has 30 seconds left.
|inactive|goodnightnite has 20 seconds left.
|inactive|goodnightnite has 15 seconds left.
|inactive|goodnightnite has 10 seconds left.
|inactive|goodnightnite has 5 seconds left.
|-message|goodnightnite lost due to inactivity.
|
|win|bongzongweedluvr
|raw|goodnightnite's rating: 1600 &rarr; <strong>1580</strong><br />(-20 for losing)
|raw|bongzongweedluvr's rating: 1594 &rarr; <strong>1614</strong><br />(+20 for winning)
|l|☆bongzongweedluvr
|player|p2|
