|badge|p2|bronze|gen9ou|100-9
|uhtml|medal-msg|<div class="broadcast-blue">Curious what those medals under the avatar are? PS now has Ladder Seasons! For more information, check out the <a href="https://www.smogon.com/forums/threads/3740067/">thread on Smogon.</a></div>
|j|Ōśåsorry4usingstall
|j|Ōśåicylikedecember
|t:|1781406302
|gametype|singles
|player|p1|sorry4usingstall|colress|1635
|player|p2|icylikedecember|smasher|1794
|gen|9
|tier|[Gen 9] OU
|rated|
|rule|HP Percentage Mod: HP is shown in percentages
|rule|Endless Battle Clause: Forcing endless battles is banned
|rule|Species Clause: Limit one of each Pok├®mon
|rule|OHKO Clause: OHKO moves are banned
|rule|Evasion Items Clause: Evasion items are banned
|rule|Evasion Moves Clause: Evasion moves are banned
|rule|Evasion Abilities Clause: Evasion abilities are banned
|rule|Sleep Moves Clause: Sleep-inducing moves are banned
|clearpoke
|poke|p1|Clodsire, F|
|poke|p1|Dondozo, F|
|poke|p1|Alomomola, F|
|poke|p1|Talonflame, F|
|poke|p1|Toxapex, F|
|poke|p1|Blissey, F|
|poke|p2|Corviknight, F|
|poke|p2|Slowking-Galar, M|
|poke|p2|Darkrai|
|poke|p2|Kyurem|
|poke|p2|Zamazenta-*|
|poke|p2|Crawdaunt, F|
|teampreview
|
|t:|1781406315
|teamsize|p1|6
|teamsize|p2|6
|start
|switch|p1a: Keep Trying.|Toxapex, F|100/100
|switch|p2a: Slowking|Slowking-Galar, M, shiny|100/100
|turn|1
|
|t:|1781406319
|switch|p1a: Still Trying?|Blissey, F, shiny|100/100
|move|p2a: Slowking|Psyshock|p1a: Still Trying?
|-damage|p1a: Still Trying?|59/100
|
|upkeep
|turn|2
|
|t:|1781406324
|move|p1a: Still Trying?|Calm Mind|p1a: Still Trying?
|-boost|p1a: Still Trying?|spa|1
|-boost|p1a: Still Trying?|spd|1
|move|p2a: Slowking|Psyshock|p1a: Still Trying?
|-damage|p1a: Still Trying?|23/100
|
|upkeep
|turn|3
|c|Ōśåicylikedecember|you'll be sorry trust
|
|t:|1781406332
|-terastallize|p1a: Still Trying?|Dark
|move|p1a: Still Trying?|Soft-Boiled|p1a: Still Trying?
|-heal|p1a: Still Trying?|73/100
|move|p2a: Slowking|Psyshock|p1a: Still Trying?
|-immune|p1a: Still Trying?
|
|upkeep
|turn|4
|
|t:|1781406338
|switch|p2a: Corviknight|Corviknight, F, shiny|100/100
|-ability|p2a: Corviknight|Pressure
|move|p1a: Still Trying?|Shadow Ball|p2a: Corviknight
|-damage|p2a: Corviknight|77/100
|-unboost|p2a: Corviknight|spd|1
|
|upkeep
|turn|5
|
|t:|1781406344
|switch|p1a: Keep Trying.|Toxapex, F|100/100
|move|p2a: Corviknight|U-turn|p1a: Keep Trying.
|-resisted|p1a: Keep Trying.
|-crit|p1a: Keep Trying.
|-damage|p1a: Keep Trying.|94/100
|
|t:|1781406351
|switch|p2a: Kyurem|Kyurem|100/100|[from] U-turn
|-ability|p2a: Kyurem|Pressure
|
|upkeep
|turn|6
|
|t:|1781406359
|move|p2a: Kyurem|Freeze-Dry|p1a: Keep Trying.
|-supereffective|p1a: Keep Trying.
|-damage|p1a: Keep Trying.|5/100
|move|p1a: Keep Trying.|Toxic|p2a: Kyurem
|-status|p2a: Kyurem|tox
|
|-damage|p2a: Kyurem|94/100 tox|[from] psn
|upkeep
|turn|7
|inactive|Battle timer is ON: inactive players will automatically lose when time's up. (requested by icylikedecember)
|c|Ōśåsorry4usingstall|toxaBOSS
|
|t:|1781406379
|switch|p2a: Crawdaunt|Crawdaunt, F|100/100
|switch|p1a: Still Trying?|Blissey, F, shiny, tera:Dark|73/100
|
|upkeep
|turn|8
|
|t:|1781406384
|switch|p1a: You Tried.|Dondozo, F, shiny|100/100
|move|p2a: Crawdaunt|Knock Off|p1a: You Tried.
|-damage|p1a: You Tried.|55/100
|-enditem|p1a: You Tried.|Heavy-Duty Boots|[from] move: Knock Off|[of] p2a: Crawdaunt
|
|upkeep
|turn|9
|
|t:|1781406389
|move|p2a: Crawdaunt|Knock Off|p1a: You Tried.
|-crit|p1a: You Tried.
|-damage|p1a: You Tried.|7/100
|move|p1a: You Tried.|Rest|p1a: You Tried.
|-status|p1a: You Tried.|slp|[from] move: Rest
|-heal|p1a: You Tried.|100/100 slp|[silent]
|
|upkeep
|turn|10
|
|t:|1781406396
|switch|p2a: Kyurem|Kyurem|94/100 tox
|-ability|p2a: Kyurem|Pressure
|cant|p1a: You Tried.|slp
|move|p1a: You Tried.|Sleep Talk|p1a: You Tried.
|move|p1a: You Tried.|Body Press|p2a: Kyurem|[from] move: Sleep Talk
|-supereffective|p2a: Kyurem
|-damage|p2a: Kyurem|36/100 tox
|
|-damage|p2a: Kyurem|30/100 tox|[from] psn
|upkeep
|turn|11
|
|t:|1781406400
|switch|p2a: Crawdaunt|Crawdaunt, F|100/100
|switch|p1a: Still Trying?|Blissey, F, shiny, tera:Dark|73/100
|
|upkeep
|turn|12
|
|t:|1781406405
|switch|p1a: You Tried.|Dondozo, F, shiny|100/100 slp
|move|p2a: Crawdaunt|Knock Off|p1a: You Tried.
|-crit|p1a: You Tried.
|-damage|p1a: You Tried.|52/100 slp
|
|upkeep
|turn|13
|
|t:|1781406408
|move|p2a: Crawdaunt|Knock Off|p1a: You Tried.
|-damage|p1a: You Tried.|22/100 slp
|cant|p1a: You Tried.|slp
|move|p1a: You Tried.|Sleep Talk|p1a: You Tried.
|move|p1a: You Tried.|Rest||[from] move: Sleep Talk|[still]
|-fail|p1a: You Tried.
|
|upkeep
|turn|14
|c|Ōśåsorry4usingstall|the crits tho xd
|
|t:|1781406420
|switch|p1a: Nice Try.|Talonflame, F, shiny|100/100
|move|p2a: Crawdaunt|Knock Off|p1a: Nice Try.
|-damage|p1a: Nice Try.|0 fnt
|-status|p2a: Crawdaunt|brn|[from] ability: Flame Body|[of] p1a: Nice Try.
|-enditem|p1a: Nice Try.|Heavy-Duty Boots|[from] move: Knock Off|[of] p2a: Crawdaunt
|faint|p1a: Nice Try.
|
|-damage|p2a: Crawdaunt|95/100 brn|[from] brn
|upkeep
|c|Ōśåicylikedecember|there you go you won
|
|t:|1781406431
|switch|p1a: Try Harder.|Alomomola, F, shiny|100/100
|turn|15
|
|t:|1781406433
|move|p2a: Crawdaunt|Knock Off|p1a: Try Harder.
|-damage|p1a: Try Harder.|70/100
|-enditem|p1a: Try Harder.|Heavy-Duty Boots|[from] move: Knock Off|[of] p2a: Crawdaunt
|move|p1a: Try Harder.|Wish|p1a: Try Harder.
|
|-damage|p2a: Crawdaunt|89/100 brn|[from] brn
|upkeep
|turn|16
|c|Ōśåsorry4usingstall|yeah
|
|t:|1781406443
|move|p2a: Crawdaunt|Knock Off|p1a: Try Harder.
|-damage|p1a: Try Harder.|50/100
|move|p1a: Try Harder.|Flip Turn|p2a: Crawdaunt
|-resisted|p2a: Crawdaunt
|-damage|p2a: Crawdaunt|76/100 brn
|
|t:|1781406448
|switch|p1a: You Tried.|Dondozo, F, shiny|22/100 slp|[from] Flip Turn
|
|-heal|p1a: You Tried.|69/100 slp|[from] move: Wish|[wisher] Try Harder.
|-damage|p2a: Crawdaunt|70/100 brn|[from] brn
|upkeep
|turn|17
|
|t:|1781406456
|switch|p2a: Corviknight|Corviknight, F, shiny|77/100
|-ability|p2a: Corviknight|Pressure
|switch|p1a: Try Harder.|Alomomola, F, shiny|83/100
|
|upkeep
|turn|18
|
|t:|1781406460
|move|p2a: Corviknight|Brave Bird|p1a: Try Harder.
|-damage|p1a: Try Harder.|61/100
|-damage|p2a: Corviknight|69/100|[from] Recoil
|move|p1a: Try Harder.|Wish|p1a: Try Harder.
|
|upkeep
|turn|19
|
|t:|1781406466
|move|p2a: Corviknight|U-turn|p1a: Try Harder.
|-damage|p1a: Try Harder.|52/100
|
|t:|1781406468
|switch|p2a: Slowking|Slowking-Galar, M, shiny|100/100|[from] U-turn
|move|p1a: Try Harder.|Flip Turn|p2a: Slowking
|-damage|p2a: Slowking|84/100
|
|t:|1781406473
|switch|p1a: Keep Trying.|Toxapex, F|38/100|[from] Flip Turn
|
|-heal|p1a: Keep Trying.|100/100|[from] move: Wish|[wisher] Try Harder.
|upkeep
|turn|20
|
|t:|1781406478
|switch|p1a: Still Trying?|Blissey, F, shiny, tera:Dark|73/100
|move|p2a: Slowking|Psyshock|p1a: Still Trying?
|-immune|p1a: Still Trying?
|
|upkeep
|turn|21
|
|t:|1781406485
|switch|p2a: Corviknight|Corviknight, F, shiny|69/100
|-ability|p2a: Corviknight|Pressure
|move|p1a: Still Trying?|Calm Mind|p1a: Still Trying?
|-boost|p1a: Still Trying?|spa|1
|-boost|p1a: Still Trying?|spd|1
|
|upkeep
|turn|22
|
|t:|1781406491
|switch|p1a: Keep Trying.|Toxapex, F|100/100
|move|p2a: Corviknight|U-turn|p1a: Keep Trying.
|-resisted|p1a: Keep Trying.
|-damage|p1a: Keep Trying.|96/100
|-message|icylikedecember forfeited.
|
|win|sorry4usingstall
|raw|sorry4usingstall's rating: 1635 &rarr; <strong>1664</strong><br />(+29 for winning)
|raw|icylikedecember's rating: 1794 &rarr; <strong>1765</strong><br />(-29 for losing)
|l|Ōśåicylikedecember
|player|p2|
