|j|тШЖalxizтПгтПСтПг
|j|тШЖballerr
|t:|1781591018
|gametype|singles
|player|p1|alxizтПгтПСтПг|miku-fire|1559
|player|p2|ballerr|miku-ground|1612
|gen|9
|tier|[Gen 9] OU
|rated|
|rule|HP Percentage Mod: HP is shown in percentages
|rule|Endless Battle Clause: Forcing endless battles is banned
|rule|Species Clause: Limit one of each Pok├йmon
|rule|OHKO Clause: OHKO moves are banned
|rule|Evasion Items Clause: Evasion items are banned
|rule|Evasion Moves Clause: Evasion moves are banned
|rule|Evasion Abilities Clause: Evasion abilities are banned
|rule|Sleep Moves Clause: Sleep-inducing moves are banned
|clearpoke
|poke|p1|Heatran, F|
|poke|p1|Ogerpon-Wellspring, F|
|poke|p1|Great Tusk|
|poke|p1|Kingambit, M|
|poke|p1|Cresselia, F|
|poke|p1|Dragapult, M|
|poke|p2|Tyranitar, M|
|poke|p2|Alomomola, L99, F|
|poke|p2|Iron Crown|
|poke|p2|Great Tusk|
|poke|p2|Zamazenta-*|
|poke|p2|Kingambit, M|
|teampreview
|inactive|Battle timer is ON: inactive players will automatically lose when time's up. (requested by alxizтПгтПСтПг)
|j| testingrainteam1
|c|тШЖalxizтПгтПСтПг|baller
|j| ceo o wo chien
|c|тШЖballerr|oh
|c|тШЖballerr|shit
|l| testingrainteam1
|j| testingrainteam1
|c|тШЖalxizтПгтПСтПг|what
|inactive|alxizтПгтПСтПг has 120 seconds left.
|inactive|ballerr has 120 seconds left.
|l| testingrainteam1
|c|тШЖalxizтПгтПСтПг|why is this a "shit" situation
|c|тШЖballerr|terrified of you
|c|тШЖalxizтПгтПСтПг|why
|inactive|alxizтПгтПСтПг has 90 seconds left.
|c|тШЖballerr|sheer aura
|c|тШЖalxizтПгтПСтПг|thanks
|c|тШЖalxizтПгтПСтПг|anyways glhf
|
|t:|1781591109
|teamsize|p1|6
|teamsize|p2|6
|start
|switch|p1a: Ogerpon|Ogerpon-Wellspring, F|100/100
|switch|p2a: The Breach|Great Tusk|100/100
|turn|1
|
|t:|1781591124
|move|p1a: Ogerpon|Power Whip|p2a: The Breach
|-supereffective|p2a: The Breach
|-damage|p2a: The Breach|3/100
|-damage|p1a: Ogerpon|84/100|[from] item: Rocky Helmet|[of] p2a: The Breach
|move|p2a: The Breach|Close Combat|p1a: Ogerpon
|-damage|p1a: Ogerpon|12/100
|-unboost|p2a: The Breach|def|1
|-unboost|p2a: The Breach|spd|1
|
|upkeep
|turn|2
|
|t:|1781591141
|move|p1a: Ogerpon|Ivy Cudgel|p2a: The Breach|[anim] Ivy Cudgel Water
|-supereffective|p2a: The Breach
|-damage|p2a: The Breach|0 fnt
|faint|p2a: The Breach
|-end|p2a: The Breach|Protosynthesis|[silent]
|
|upkeep
|
|t:|1781591145
|switch|p2a: Dystopia|Tyranitar, M|100/100
|-weather|Sandstorm|[from] ability: Sand Stream|[of] p2a: Dystopia
|turn|3
|
|t:|1781591155
|move|p2a: Dystopia|Protect|p2a: Dystopia
|-singleturn|p2a: Dystopia|Protect
|move|p1a: Ogerpon|Power Whip|p2a: Dystopia
|-activate|p2a: Dystopia|move: Protect
|
|-weather|Sandstorm|[upkeep]
|-damage|p1a: Ogerpon|6/100|[from] Sandstorm
|upkeep
|turn|4
|
|t:|1781591164
|switch|p2a: Perfect Machine|Kingambit, M|100/100
|-activate|p2a: Perfect Machine|ability: Supreme Overlord
|-start|p2a: Perfect Machine|fallen1|[silent]
|move|p1a: Ogerpon|Ivy Cudgel|p2a: Perfect Machine|[anim] Ivy Cudgel Water
|-damage|p2a: Perfect Machine|48/100
|
|-weather|Sandstorm|[upkeep]
|-damage|p1a: Ogerpon|0 fnt|[from] Sandstorm
|faint|p1a: Ogerpon
|-heal|p2a: Perfect Machine|54/100|[from] item: Leftovers
|upkeep
|
|t:|1781591169
|switch|p1a: Heatran|Heatran, F|100/100
|-item|p1a: Heatran|Air Balloon
|turn|5
|
|t:|1781591175
|-end|p2a: Perfect Machine|fallen1|[silent]
|switch|p2a: Diving Bell|Alomomola, L99, F|100/100
|move|p1a: Heatran|Magma Storm|p2a: Diving Bell
|-resisted|p2a: Diving Bell
|-damage|p2a: Diving Bell|81/100
|-activate|p2a: Diving Bell|move: Magma Storm|[of] p1a: Heatran
|
|-weather|Sandstorm|[upkeep]
|-damage|p2a: Diving Bell|75/100|[from] Sandstorm
|-damage|p2a: Diving Bell|63/100|[from] move: Magma Storm|[partiallytrapped]
|upkeep
|turn|6
|
|t:|1781591179
|move|p1a: Heatran|Stealth Rock|p2a: Diving Bell
|-sidestart|p2: ballerr|move: Stealth Rock
|move|p2a: Diving Bell|Flip Turn|p1a: Heatran
|-supereffective|p1a: Heatran
|-damage|p1a: Heatran|73/100
|-enditem|p1a: Heatran|Air Balloon
|
|t:|1781591187
|switch|p2a: Dystopia|Tyranitar, M|100/100|[from] Flip Turn
|-damage|p2a: Dystopia|88/100|[from] Stealth Rock
|
|-weather|Sandstorm|[upkeep]
|-heal|p2a: Dystopia|94/100|[from] item: Leftovers
|upkeep
|turn|7
|
|t:|1781591191
|move|p1a: Heatran|Will-O-Wisp|p2a: Dystopia|[miss]
|-miss|p1a: Heatran|p2a: Dystopia
|move|p2a: Dystopia|Stealth Rock|p1a: Heatran
|-sidestart|p1: alxizтПгтПСтПг|move: Stealth Rock
|
|-weather|none
|-heal|p2a: Dystopia|100/100|[from] item: Leftovers
|upkeep
|turn|8
|
|t:|1781591200
|switch|p2a: Diving Bell|Alomomola, L99, F|96/100
|move|p1a: Heatran|Earth Power|p2a: Diving Bell
|-damage|p2a: Diving Bell|73/100
|
|upkeep
|turn|9
|
|t:|1781591206
|move|p1a: Heatran|Will-O-Wisp|p2a: Diving Bell
|-status|p2a: Diving Bell|brn
|move|p2a: Diving Bell|Wish|p2a: Diving Bell
|
|-damage|p2a: Diving Bell|67/100 brn|[from] brn
|upkeep
|turn|10
|
|t:|1781591215
|move|p1a: Heatran|Earth Power|p2a: Diving Bell
|-damage|p2a: Diving Bell|42/100 brn
|move|p2a: Diving Bell|Flip Turn|p1a: Heatran
|-supereffective|p1a: Heatran
|-damage|p1a: Heatran|59/100
|
|t:|1781591218
|switch|p2a: Perfect Machine|Kingambit, M|54/100|[from] Flip Turn
|-damage|p2a: Perfect Machine|48/100|[from] Stealth Rock
|-activate|p2a: Perfect Machine|ability: Supreme Overlord
|-start|p2a: Perfect Machine|fallen1|[silent]
|
|-heal|p2a: Perfect Machine|100/100|[from] move: Wish|[wisher] Diving Bell
|upkeep
|turn|11
|
|t:|1781591228
|switch|p1a: Cresselia|Cresselia, F|100/100
|-damage|p1a: Cresselia|88/100|[from] Stealth Rock
|-end|p2a: Perfect Machine|fallen1|[silent]
|switch|p2a: Diving Bell|Alomomola, L99, F|75/100 brn
|
|-heal|p1a: Cresselia|94/100|[from] item: Leftovers
|-damage|p2a: Diving Bell|69/100 brn|[from] brn
|upkeep
|turn|12
|
|t:|1781591232
|move|p1a: Cresselia|Calm Mind|p1a: Cresselia
|-boost|p1a: Cresselia|spa|1
|-boost|p1a: Cresselia|spd|1
|move|p2a: Diving Bell|Flip Turn|p1a: Cresselia
|-damage|p1a: Cresselia|88/100
|
|t:|1781591242
|switch|p2a: Perfect Machine|Kingambit, M|100/100|[from] Flip Turn
|-damage|p2a: Perfect Machine|94/100|[from] Stealth Rock
|-activate|p2a: Perfect Machine|ability: Supreme Overlord
|-start|p2a: Perfect Machine|fallen1|[silent]
|
|-heal|p1a: Cresselia|94/100|[from] item: Leftovers
|-heal|p2a: Perfect Machine|100/100|[from] item: Leftovers
|upkeep
|turn|13
|
|t:|1781591247
|switch|p1a: Heatran|Heatran, F|59/100
|-damage|p1a: Heatran|47/100|[from] Stealth Rock
|move|p2a: Perfect Machine|Swords Dance|p2a: Perfect Machine
|-boost|p2a: Perfect Machine|atk|2
|
|upkeep
|turn|14
|
|t:|1781591253
|-end|p2a: Perfect Machine|fallen1|[silent]
|switch|p2a: Diving Bell|Alomomola, L99, F|100/100 brn
|move|p1a: Heatran|Magma Storm|p2a: Diving Bell
|-resisted|p2a: Diving Bell
|-damage|p2a: Diving Bell|81/100 brn
|-activate|p2a: Diving Bell|move: Magma Storm|[of] p1a: Heatran
|
|-damage|p2a: Diving Bell|75/100 brn|[from] brn
|-damage|p2a: Diving Bell|63/100 brn|[from] move: Magma Storm|[partiallytrapped]
|upkeep
|turn|15
|
|t:|1781591256
|move|p1a: Heatran|Earth Power|p2a: Diving Bell
|-damage|p2a: Diving Bell|38/100 brn
|move|p2a: Diving Bell|Flip Turn|p1a: Heatran
|-supereffective|p1a: Heatran
|-damage|p1a: Heatran|34/100
|
|t:|1781591264
|switch|p2a: dark things|Iron Crown|100/100|[from] Flip Turn
|-damage|p2a: dark things|94/100|[from] Stealth Rock
|
|upkeep
|turn|16
|
|t:|1781591268
|move|p2a: dark things|Volt Switch|p1a: Heatran
|-damage|p1a: Heatran|19/100
|
|t:|1781591272
|-end|p2a: dark things|Quark Drive|[silent]
|switch|p2a: Dystopia|Tyranitar, M|100/100|[from] Volt Switch
|-damage|p2a: Dystopia|88/100|[from] Stealth Rock
|-weather|Sandstorm|[from] ability: Sand Stream|[of] p2a: Dystopia
|move|p1a: Heatran|Magma Storm|p2a: Dystopia
|-resisted|p2a: Dystopia
|-damage|p2a: Dystopia|79/100
|-activate|p2a: Dystopia|move: Magma Storm|[of] p1a: Heatran
|
|-weather|Sandstorm|[upkeep]
|-heal|p2a: Dystopia|85/100|[from] item: Leftovers
|-damage|p2a: Dystopia|73/100|[from] move: Magma Storm|[partiallytrapped]
|upkeep
|turn|17
|
|t:|1781591280
|move|p1a: Heatran|Earth Power|p2a: Dystopia
|-supereffective|p2a: Dystopia
|-damage|p2a: Dystopia|51/100
|move|p2a: Dystopia|Knock Off|p1a: Heatran
|-damage|p1a: Heatran|0 fnt
|-status|p2a: Dystopia|brn|[from] ability: Flame Body|[of] p1a: Heatran
|faint|p1a: Heatran
|
|-weather|Sandstorm|[upkeep]
|-heal|p2a: Dystopia|57/100 brn|[from] item: Leftovers
|-damage|p2a: Dystopia|51/100 brn|[from] brn
|-end|p2a: Dystopia|Magma Storm|[partiallytrapped]|[silent]
|upkeep
|
|t:|1781591285
|switch|p1a: Great Tusk|Great Tusk|100/100
|-damage|p1a: Great Tusk|97/100|[from] Stealth Rock
|-enditem|p1a: Great Tusk|Booster Energy
|-activate|p1a: Great Tusk|ability: Protosynthesis|[fromitem]
|-start|p1a: Great Tusk|protosynthesisatk
|turn|18
|
|t:|1781591290
|move|p1a: Great Tusk|Rapid Spin|p2a: Dystopia
|-resisted|p2a: Dystopia
|-damage|p2a: Dystopia|42/100 brn
|-boost|p1a: Great Tusk|spe|1
|-sideend|p1: alxizтПгтПСтПг|Stealth Rock|[from] move: Rapid Spin|[of] p1a: Great Tusk
|move|p2a: Dystopia|Ice Beam|p1a: Great Tusk
|-supereffective|p1a: Great Tusk
|-damage|p1a: Great Tusk|39/100
|
|-weather|Sandstorm|[upkeep]
|-heal|p2a: Dystopia|48/100 brn|[from] item: Leftovers
|-damage|p2a: Dystopia|42/100 brn|[from] brn
|upkeep
|turn|19
|c| ceo o wo chien|tran getting crazy value
|j| lord shiddenfards
|c|тШЖalxizтПгтПСтПг|yeah
|
|t:|1781591308
|move|p1a: Great Tusk|Headlong Rush|p2a: Dystopia
|-supereffective|p2a: Dystopia
|-damage|p2a: Dystopia|0 fnt
|-unboost|p1a: Great Tusk|def|1
|-unboost|p1a: Great Tusk|spd|1
|faint|p2a: Dystopia
|
|-weather|Sandstorm|[upkeep]
|upkeep
|
|t:|1781591314
|switch|p2a: Diving Bell|Alomomola, L99, F|71/100 brn
|turn|20
|c|тШЖalxizтПгтПСтПг|ada tusk is insane
|
|t:|1781591321
|move|p1a: Great Tusk|Headlong Rush|p2a: Diving Bell
|-damage|p2a: Diving Bell|21/100 brn
|-unboost|p1a: Great Tusk|def|1
|-unboost|p1a: Great Tusk|spd|1
|move|p2a: Diving Bell|Flip Turn|p1a: Great Tusk
|-supereffective|p1a: Great Tusk
|-damage|p1a: Great Tusk|19/100
|
|t:|1781591326
|switch|p2a: Perfect Machine|Kingambit, M|100/100|[from] Flip Turn
|-damage|p2a: Perfect Machine|94/100|[from] Stealth Rock
|-activate|p2a: Perfect Machine|ability: Supreme Overlord
|-start|p2a: Perfect Machine|fallen2|[silent]
|
|-weather|none
|-heal|p2a: Perfect Machine|100/100|[from] item: Leftovers
|upkeep
|turn|21
|
|t:|1781591330
|-end|p1a: Great Tusk|Protosynthesis|[silent]
|switch|p1a: Dragapult|Dragapult, M|100/100
|move|p2a: Perfect Machine|Sucker Punch||[still]
|-fail|p2a: Perfect Machine
|
|upkeep
|turn|22
|
|t:|1781591335
|move|p1a: Dragapult|Will-O-Wisp|p2a: Perfect Machine|[miss]
|-miss|p1a: Dragapult|p2a: Perfect Machine
|move|p2a: Perfect Machine|Kowtow Cleave|p1a: Dragapult
|-supereffective|p1a: Dragapult
|-damage|p1a: Dragapult|0 fnt
|faint|p1a: Dragapult
|
|upkeep
|c|тШЖballerr|oh dang
|
|t:|1781591353
|switch|p1a: Kingambit|Kingambit, M|100/100
|-activate|p1a: Kingambit|ability: Supreme Overlord
|-start|p1a: Kingambit|fallen3|[silent]
|turn|23
|c|тШЖballerr|punishment for double wisp
|c|тШЖballerr|i suppose
|
|t:|1781591365
|-end|p2a: Perfect Machine|fallen2|[silent]
|switch|p2a: Diving Bell|Alomomola, L99, F|54/100 brn
|move|p1a: Kingambit|Iron Head|p2a: Diving Bell
|-resisted|p2a: Diving Bell
|-damage|p2a: Diving Bell|35/100 brn
|
|-damage|p2a: Diving Bell|28/100 brn|[from] brn
|upkeep
|turn|24
|
|t:|1781591369
|move|p2a: Diving Bell|Flip Turn|p1a: Kingambit
|-damage|p1a: Kingambit|94/100
|
|t:|1781591372
|switch|p2a: Brave New World|Zamazenta|100/100|[from] Flip Turn
|-damage|p2a: Brave New World|94/100|[from] Stealth Rock
|-ability|p2a: Brave New World|Dauntless Shield|boost
|-boost|p2a: Brave New World|def|1
|move|p1a: Kingambit|Swords Dance|p1a: Kingambit
|-boost|p1a: Kingambit|atk|2
|
|upkeep
|turn|25
|
|t:|1781591381
|-terastallize|p1a: Kingambit|Ghost
|move|p2a: Brave New World|Crunch|p1a: Kingambit
|-supereffective|p1a: Kingambit
|-damage|p1a: Kingambit|33/100
|-unboost|p1a: Kingambit|def|1
|move|p1a: Kingambit|Swords Dance|p1a: Kingambit
|-boost|p1a: Kingambit|atk|2
|
|upkeep
|turn|26
|
|t:|1781591387
|move|p1a: Kingambit|Sucker Punch|p2a: Brave New World
|-resisted|p2a: Brave New World
|-damage|p2a: Brave New World|46/100
|move|p2a: Brave New World|Crunch|p1a: Kingambit
|-supereffective|p1a: Kingambit
|-damage|p1a: Kingambit|0 fnt
|faint|p1a: Kingambit
|-end|p1a: Kingambit|fallen3|[silent]
|
|upkeep
|c|тШЖalxizтПгтПСтПг|dang ggwp
|
|t:|1781591395
|switch|p1a: Cresselia|Cresselia, F|94/100
|turn|27
|j| Gym Leader Jaybaby
|l| Gym Leader Jaybaby
|
|t:|1781591399
|-terastallize|p2a: Brave New World|Dark
|move|p2a: Brave New World|Crunch|p1a: Cresselia
|-supereffective|p1a: Cresselia
|-damage|p1a: Cresselia|4/100
|move|p1a: Cresselia|Moonblast|p2a: Brave New World
|-supereffective|p2a: Brave New World
|-damage|p2a: Brave New World|11/100
|
|-heal|p1a: Cresselia|10/100|[from] item: Leftovers
|upkeep
|turn|28
|
|t:|1781591423
|move|p2a: Brave New World|Crunch|p1a: Cresselia
|-supereffective|p1a: Cresselia
|-damage|p1a: Cresselia|0 fnt
|faint|p1a: Cresselia
|
|upkeep
|
|t:|1781591426
|switch|p1a: Great Tusk|Great Tusk|19/100
|turn|29
|c|тШЖballerr|ggwp
|c|тШЖalxizтПгтПСтПг|ggwp
|c|тШЖalxizтПгтПСтПг|mad respect for you
|inactive|alxizтПгтПСтПг has 120 seconds left.
|c|тШЖalxizтПгтПСтПг|you can adopt the тПгтПСтПг
|
|t:|1781591457
|move|p2a: Brave New World|Crunch|p1a: Great Tusk
|-resisted|p1a: Great Tusk
|-damage|p1a: Great Tusk|0 fnt
|faint|p1a: Great Tusk
|-end|p1a: Great Tusk|Protosynthesis|[silent]
|
|win|ballerr
|raw|alxizтПгтПСтПг's rating: 1559 &rarr; <strong>1542</strong><br />(-17 for losing)
|raw|ballerr's rating: 1612 &rarr; <strong>1629</strong><br />(+17 for winning)
|c|тШЖballerr|Wasnt aware this was an inherited techniew
|c|тШЖballerr|technique*
|c|тШЖalxizтПгтПСтПг|it is
|l|тШЖballerr
|player|p2|
