|j|вҳҶStarDio
|j|вҳҶBlackStar150520
|t:|1781365906
|gametype|singles
|player|p1|StarDio|265|1578
|player|p2|BlackStar150520|unknown|1672
|gen|9
|tier|[Gen 9] OU
|rated|
|rule|HP Percentage Mod: HP is shown in percentages
|rule|Endless Battle Clause: Forcing endless battles is banned
|rule|Species Clause: Limit one of each PokГ©mon
|rule|OHKO Clause: OHKO moves are banned
|rule|Evasion Items Clause: Evasion items are banned
|rule|Evasion Moves Clause: Evasion moves are banned
|rule|Evasion Abilities Clause: Evasion abilities are banned
|rule|Sleep Moves Clause: Sleep-inducing moves are banned
|clearpoke
|poke|p1|Hoopa-Unbound|
|poke|p1|Pecharunt|
|poke|p1|Landorus-Therian, M|
|poke|p1|Cinderace, M|
|poke|p1|Alomomola, M|
|poke|p1|Iron Valiant|
|poke|p2|Great Tusk|
|poke|p2|Samurott-Hisui, M|
|poke|p2|Dragapult, M|
|poke|p2|Raging Bolt|
|poke|p2|Kingambit, M|
|poke|p2|Heatran, M|
|teampreview
|inactive|Battle timer is ON: inactive players will automatically lose when time's up. (requested by BlackStar150520)
|inactive|StarDio also wants the timer to be on.
|
|t:|1781365932
|teamsize|p1|6
|teamsize|p2|6
|start
|switch|p1a: Enten|Landorus-Therian, M, shiny|100/100
|switch|p2a: Zanpakuto|Samurott-Hisui, M|100/100
|-ability|p1a: Enten|Intimidate|boost
|-unboost|p2a: Zanpakuto|atk|1
|turn|1
|
|t:|1781365941
|switch|p2a: Mega Donphan|Great Tusk|100/100
|move|p1a: Enten|U-turn|p2a: Mega Donphan
|-resisted|p2a: Mega Donphan
|-damage|p2a: Mega Donphan|91/100
|
|t:|1781365944
|switch|p1a: Calamity|Iron Valiant, shiny|100/100|[from] U-turn
|
|upkeep
|turn|2
|
|t:|1781365967
|-end|p1a: Calamity|Quark Drive|[silent]
|switch|p1a: Enten|Landorus-Therian, M, shiny|100/100
|-ability|p1a: Enten|Intimidate|boost
|-unboost|p2a: Mega Donphan|atk|1
|-end|p2a: Mega Donphan|Protosynthesis|[silent]
|switch|p2a: вқӨпёҸвҖҚрҹ”Ҙ|Heatran, M, shiny|100/100
|
|upkeep
|turn|3
|
|t:|1781365973
|move|p2a: вқӨпёҸвҖҚрҹ”Ҙ|Protect|p2a: вқӨпёҸвҖҚрҹ”Ҙ
|-singleturn|p2a: вқӨпёҸвҖҚрҹ”Ҙ|Protect
|move|p1a: Enten|Earthquake|p2a: вқӨпёҸвҖҚрҹ”Ҙ
|-activate|p2a: вқӨпёҸвҖҚрҹ”Ҙ|move: Protect
|
|upkeep
|turn|4
|
|t:|1781365982
|switch|p2a: Mega Donphan|Great Tusk|91/100
|move|p1a: Enten|Earthquake|p2a: Mega Donphan
|-damage|p2a: Mega Donphan|52/100
|
|upkeep
|turn|5
|
|t:|1781365990
|switch|p1a: Pisces|Alomomola, M, shiny|100/100
|-end|p2a: Mega Donphan|Protosynthesis|[silent]
|switch|p2a: Zanpakuto|Samurott-Hisui, M|100/100
|
|upkeep
|turn|6
|
|t:|1781365993
|move|p2a: Zanpakuto|Ceaseless Edge|p1a: Pisces
|-damage|p1a: Pisces|68/100
|-sidestart|p1: StarDio|Spikes
|move|p1a: Pisces|Flip Turn|p2a: Zanpakuto
|-resisted|p2a: Zanpakuto
|-damage|p2a: Zanpakuto|90/100
|
|t:|1781365999
|switch|p1a: Liberacy|Cinderace, M, shiny|100/100|[from] Flip Turn
|
|upkeep
|turn|7
|
|t:|1781366003
|move|p2a: Zanpakuto|Ceaseless Edge|p1a: Liberacy
|-damage|p1a: Liberacy|41/100
|-sidestart|p1: StarDio|Spikes
|move|p1a: Liberacy|U-turn|p2a: Zanpakuto
|-start|p1a: Liberacy|typechange|Bug|[from] ability: Libero
|-supereffective|p2a: Zanpakuto
|-damage|p2a: Zanpakuto|0 fnt
|faint|p2a: Zanpakuto
|
|t:|1781366010
|switch|p1a: Pisces|Alomomola, M, shiny|100/100|[from] U-turn
|-damage|p1a: Pisces|84/100|[from] Spikes
|
|upkeep
|
|t:|1781366016
|switch|p2a: DraGhost|Dragapult, M|100/100
|turn|8
|
|t:|1781366020
|move|p2a: DraGhost|Substitute|p2a: DraGhost
|-start|p2a: DraGhost|Substitute
|-damage|p2a: DraGhost|76/100
|move|p1a: Pisces|Flip Turn|p2a: DraGhost
|-resisted|p2a: DraGhost
|-activate|p2a: DraGhost|move: Substitute|[damage]
|
|t:|1781366024
|switch|p1a: Enten|Landorus-Therian, M, shiny|100/100|[from] Flip Turn
|-ability|p1a: Enten|Intimidate|boost
|-immune|p2a: DraGhost
|
|-heal|p2a: DraGhost|82/100|[from] item: Leftovers
|upkeep
|turn|9
|
|t:|1781366026
|move|p1a: Enten|Earthquake|p2a: DraGhost
|-end|p2a: DraGhost|Substitute
|move|p2a: DraGhost|Will-O-Wisp|p1a: Enten
|-status|p1a: Enten|brn
|
|-heal|p2a: DraGhost|88/100|[from] item: Leftovers
|-damage|p1a: Enten|95/100 brn|[from] brn
|upkeep
|turn|10
|
|t:|1781366031
|switch|p2a: Mega Donphan|Great Tusk|52/100
|move|p1a: Enten|Earthquake|p2a: Mega Donphan
|-damage|p2a: Mega Donphan|31/100
|
|-damage|p1a: Enten|89/100 brn|[from] brn
|upkeep
|turn|11
|
|t:|1781366037
|move|p1a: Enten|Earthquake|p2a: Mega Donphan
|-damage|p2a: Mega Donphan|12/100
|move|p2a: Mega Donphan|Ice Spinner|p1a: Enten
|-supereffective|p1a: Enten
|-damage|p1a: Enten|0 fnt
|faint|p1a: Enten
|
|upkeep
|
|t:|1781366040
|switch|p1a: Liberacy|Cinderace, M, shiny|41/100
|turn|12
|
|t:|1781366044
|move|p1a: Liberacy|Court Change|p1a: Liberacy
|-start|p1a: Liberacy|typechange|Normal|[from] ability: Libero
|-swapsideconditions
|-activate|p1a: Liberacy|move: Court Change
|move|p2a: Mega Donphan|Rapid Spin|p1a: Liberacy
|-damage|p1a: Liberacy|14/100
|-boost|p2a: Mega Donphan|spe|1
|-sideend|p2: BlackStar150520|Spikes|[from] move: Rapid Spin|[of] p2a: Mega Donphan
|
|upkeep
|turn|13
|
|t:|1781366051
|switch|p1a: Pisces|Alomomola, M, shiny|100/100
|move|p2a: Mega Donphan|Ice Spinner|p1a: Pisces
|-resisted|p1a: Pisces
|-damage|p1a: Pisces|91/100
|
|upkeep
|turn|14
|
|t:|1781366058
|move|p1a: Pisces|Aqua Jet|p2a: Mega Donphan
|-supereffective|p2a: Mega Donphan
|-damage|p2a: Mega Donphan|0 fnt
|faint|p2a: Mega Donphan
|-end|p2a: Mega Donphan|Protosynthesis|[silent]
|
|upkeep
|
|t:|1781366061
|switch|p2a: DraGhost|Dragapult, M|88/100
|turn|15
|
|t:|1781366068
|move|p2a: DraGhost|Will-O-Wisp|p1a: Pisces
|-status|p1a: Pisces|brn
|move|p1a: Pisces|Flip Turn|p2a: DraGhost
|-resisted|p2a: DraGhost
|-damage|p2a: DraGhost|82/100
|
|t:|1781366070
|switch|p1a: Liberacy|Cinderace, M, shiny|14/100|[from] Flip Turn
|
|-heal|p2a: DraGhost|88/100|[from] item: Leftovers
|upkeep
|turn|16
|
|t:|1781366075
|move|p1a: Liberacy|Sucker Punch||[still]
|-fail|p1a: Liberacy
|move|p2a: DraGhost|Substitute|p2a: DraGhost
|-start|p2a: DraGhost|Substitute
|-damage|p2a: DraGhost|63/100
|
|-heal|p2a: DraGhost|69/100|[from] item: Leftovers
|upkeep
|turn|17
|
|t:|1781366079
|move|p1a: Liberacy|Sucker Punch|p2a: DraGhost
|-start|p1a: Liberacy|typechange|Dark|[from] ability: Libero
|-supereffective|p2a: DraGhost
|-crit|p2a: DraGhost
|-end|p2a: DraGhost|Substitute
|move|p2a: DraGhost|Hex|p1a: Liberacy
|-resisted|p1a: Liberacy
|-damage|p1a: Liberacy|0 fnt
|faint|p1a: Liberacy
|
|-heal|p2a: DraGhost|75/100|[from] item: Leftovers
|upkeep
|
|t:|1781366082
|switch|p1a: Calamity|Iron Valiant, shiny|100/100
|turn|18
|
|t:|1781366086
|switch|p2a: вқӨпёҸвҖҚрҹ”Ҙ|Heatran, M, shiny|100/100
|move|p1a: Calamity|Moonblast|p2a: вқӨпёҸвҖҚрҹ”Ҙ
|-resisted|p2a: вқӨпёҸвҖҚрҹ”Ҙ
|-damage|p2a: вқӨпёҸвҖҚрҹ”Ҙ|86/100
|
|-heal|p2a: вқӨпёҸвҖҚрҹ”Ҙ|92/100|[from] item: Leftovers
|upkeep
|turn|19
|
|t:|1781366088
|-end|p1a: Calamity|Quark Drive|[silent]
|switch|p1a: Pisces|Alomomola, M, shiny|100/100 brn
|move|p2a: вқӨпёҸвҖҚрҹ”Ҙ|Substitute|p2a: вқӨпёҸвҖҚрҹ”Ҙ
|-start|p2a: вқӨпёҸвҖҚрҹ”Ҙ|Substitute
|-damage|p2a: вқӨпёҸвҖҚрҹ”Ҙ|67/100
|
|-heal|p2a: вқӨпёҸвҖҚрҹ”Ҙ|74/100|[from] item: Leftovers
|-damage|p1a: Pisces|94/100 brn|[from] brn
|upkeep
|turn|20
|
|t:|1781366091
|move|p2a: вқӨпёҸвҖҚрҹ”Ҙ|Protect|p2a: вқӨпёҸвҖҚрҹ”Ҙ
|-singleturn|p2a: вқӨпёҸвҖҚрҹ”Ҙ|Protect
|move|p1a: Pisces|Flip Turn|p2a: вқӨпёҸвҖҚрҹ”Ҙ
|-activate|p2a: вқӨпёҸвҖҚрҹ”Ҙ|move: Protect
|
|-heal|p2a: вқӨпёҸвҖҚрҹ”Ҙ|80/100|[from] item: Leftovers
|-damage|p1a: Pisces|88/100 brn|[from] brn
|upkeep
|turn|21
|
|t:|1781366096
|move|p2a: вқӨпёҸвҖҚрҹ”Ҙ|Earth Power|p1a: Pisces
|-damage|p1a: Pisces|75/100 brn
|-unboost|p1a: Pisces|spd|1
|move|p1a: Pisces|Flip Turn|p2a: вқӨпёҸвҖҚрҹ”Ҙ
|-supereffective|p2a: вқӨпёҸвҖҚрҹ”Ҙ
|-activate|p2a: вқӨпёҸвҖҚрҹ”Ҙ|move: Substitute|[damage]
|
|t:|1781366099
|switch|p1a: Khaos|Hoopa-Unbound|100/100|[from] Flip Turn
|
|-heal|p2a: вқӨпёҸвҖҚрҹ”Ҙ|86/100|[from] item: Leftovers
|upkeep
|turn|22
|
|t:|1781366102
|move|p2a: вқӨпёҸвҖҚрҹ”Ҙ|Magma Storm|p1a: Khaos|[miss]
|-miss|p2a: вқӨпёҸвҖҚрҹ”Ҙ|p1a: Khaos
|move|p1a: Khaos|Hyperspace Fury|p2a: вқӨпёҸвҖҚрҹ”Ҙ
|-damage|p2a: вқӨпёҸвҖҚрҹ”Ҙ|3/100
|-unboost|p1a: Khaos|def|1
|
|-heal|p2a: вқӨпёҸвҖҚрҹ”Ҙ|10/100|[from] item: Leftovers
|upkeep
|turn|23
|
|t:|1781366105
|move|p2a: вқӨпёҸвҖҚрҹ”Ҙ|Magma Storm|p1a: Khaos|[miss]
|-miss|p2a: вқӨпёҸвҖҚрҹ”Ҙ|p1a: Khaos
|move|p1a: Khaos|Hyperspace Fury|p2a: вқӨпёҸвҖҚрҹ”Ҙ
|-damage|p2a: вқӨпёҸвҖҚрҹ”Ҙ|0 fnt
|-unboost|p1a: Khaos|def|1
|faint|p2a: вқӨпёҸвҖҚрҹ”Ҙ
|
|upkeep
|
|t:|1781366122
|switch|p2a: Sosuke Aizenрҹ—ЎпёҸ|Kingambit, M, shiny|100/100
|-activate|p2a: Sosuke Aizenрҹ—ЎпёҸ|ability: Supreme Overlord
|-start|p2a: Sosuke Aizenрҹ—ЎпёҸ|fallen3|[silent]
|turn|24
|
|t:|1781366126
|switch|p1a: Overseer|Pecharunt|100/100
|move|p2a: Sosuke Aizenрҹ—ЎпёҸ|Sucker Punch||[still]
|-fail|p2a: Sosuke Aizenрҹ—ЎпёҸ
|
|upkeep
|turn|25
|
|t:|1781366130
|move|p1a: Overseer|Parting Shot|p2a: Sosuke Aizenрҹ—ЎпёҸ
|-unboost|p2a: Sosuke Aizenрҹ—ЎпёҸ|atk|1
|-unboost|p2a: Sosuke Aizenрҹ—ЎпёҸ|spa|1
|
|t:|1781366133
|switch|p1a: Calamity|Iron Valiant, shiny|100/100|[from] Parting Shot
|move|p2a: Sosuke Aizenрҹ—ЎпёҸ|Iron Head|p1a: Calamity
|-supereffective|p1a: Calamity
|-damage|p1a: Calamity|0 fnt
|faint|p1a: Calamity
|-end|p1a: Calamity|Quark Drive|[silent]
|
|upkeep
|
|t:|1781366138
|switch|p1a: Khaos|Hoopa-Unbound|100/100
|turn|26
|
|t:|1781366142
|-end|p2a: Sosuke Aizenрҹ—ЎпёҸ|fallen3|[silent]
|switch|p2a: DraGhost|Dragapult, M|75/100
|move|p1a: Khaos|Drain Punch|p2a: DraGhost
|-immune|p2a: DraGhost
|
|-heal|p2a: DraGhost|81/100|[from] item: Leftovers
|upkeep
|turn|27
|
|t:|1781366147
|switch|p1a: Overseer|Pecharunt|100/100
|move|p2a: DraGhost|Will-O-Wisp|p1a: Overseer
|-status|p1a: Overseer|brn
|
|-heal|p2a: DraGhost|87/100|[from] item: Leftovers
|-damage|p1a: Overseer|94/100 brn|[from] brn
|upkeep
|turn|28
|
|t:|1781366152
|-terastallize|p2a: DraGhost|Ghost
|move|p2a: DraGhost|Hex|p1a: Overseer
|-supereffective|p1a: Overseer
|-damage|p1a: Overseer|0 fnt
|faint|p1a: Overseer
|
|-heal|p2a: DraGhost|93/100|[from] item: Leftovers
|upkeep
|-message|StarDio forfeited.
|
|win|BlackStar150520
|raw|StarDio's rating: 1578 &rarr; <strong>1563</strong><br />(-15 for losing)
|raw|BlackStar150520's rating: 1672 &rarr; <strong>1687</strong><br />(+15 for winning)
|l|вҳҶStarDio
|player|p1|
