|j|☆Davetron3030
|j|☆erhai
|t:|1781115469
|gametype|singles
|player|p1|Davetron3030|dancer|1622
|player|p2|erhai|170|1653
|gen|9
|tier|[Gen 9] OU
|rated|
|rule|HP Percentage Mod: HP is shown in percentages
|rule|Endless Battle Clause: Forcing endless battles is banned
|rule|Species Clause: Limit one of each Pokémon
|rule|OHKO Clause: OHKO moves are banned
|rule|Evasion Items Clause: Evasion items are banned
|rule|Evasion Moves Clause: Evasion moves are banned
|rule|Evasion Abilities Clause: Evasion abilities are banned
|rule|Sleep Moves Clause: Sleep-inducing moves are banned
|clearpoke
|poke|p1|Garchomp, F|
|poke|p1|Gholdengo|
|poke|p1|Iron Crown|
|poke|p1|Iron Valiant|
|poke|p1|Samurott-Hisui, M|
|poke|p1|Zapdos-Galar|
|poke|p2|Iron Jugulis|
|poke|p2|Ogerpon, F|
|poke|p2|Scizor, F|
|poke|p2|Latios, M|
|poke|p2|Manaphy|
|poke|p2|Sandy Shocks|
|teampreview
|inactive|Battle timer is ON: inactive players will automatically lose when time's up. (requested by erhai)
|
|t:|1781115495
|teamsize|p1|6
|teamsize|p2|6
|start
|switch|p1a: Samurott|Samurott-Hisui, M|100/100
|switch|p2a: Iron Jugulis|Iron Jugulis|100/100
|-enditem|p2a: Iron Jugulis|Booster Energy
|-activate|p2a: Iron Jugulis|ability: Quark Drive|[fromitem]
|-start|p2a: Iron Jugulis|quarkdrivespe
|turn|1
|
|t:|1781115504
|move|p2a: Iron Jugulis|Hurricane|p1a: Samurott
|-damage|p1a: Samurott|16/100
|move|p1a: Samurott|Ceaseless Edge|p2a: Iron Jugulis
|-resisted|p2a: Iron Jugulis
|-damage|p2a: Iron Jugulis|75/100
|-sidestart|p2: erhai|Spikes
|
|upkeep
|turn|2
|
|t:|1781115515
|move|p1a: Samurott|Sucker Punch|p2a: Iron Jugulis
|-resisted|p2a: Iron Jugulis
|-damage|p2a: Iron Jugulis|55/100
|move|p2a: Iron Jugulis|Dark Pulse|p1a: Samurott
|-resisted|p1a: Samurott
|-damage|p1a: Samurott|0 fnt
|faint|p1a: Samurott
|
|upkeep
|l|☆Davetron3030
|inactive|Davetron3030 disconnected and has a minute to reconnect!
|player|p1|
|inactive|Davetron3030 has 30 seconds to reconnect!
|inactive|Davetron3030 has 20 seconds to reconnect!
|inactive|Davetron3030 has 15 seconds to reconnect!
|inactive|Davetron3030 has 10 seconds to reconnect!
|inactive|Davetron3030 has 5 seconds to reconnect!
|-message|Davetron3030 lost due to inactivity.
|
|win|erhai
|raw|Davetron3030's rating: 1622 &rarr; <strong>1604</strong><br />(-18 for losing)
|raw|erhai's rating: 1653 &rarr; <strong>1671</strong><br />(+18 for winning)
