|j|☆Jsparxs
|j|☆Slashutu
|t:|1781025559
|gametype|singles
|player|p1|Jsparxs|101|1589
|player|p2|Slashutu|102|1600
|gen|9
|tier|[Gen 9] OU
|rated|
|rule|HP Percentage Mod: HP is shown in percentages
|rule|Endless Battle Clause: Forcing endless battles is banned
|rule|Species Clause: Limit one of each Pokémon
|rule|OHKO Clause: OHKO moves are banned
|rule|Evasion Items Clause: Evasion items are banned
|rule|Evasion Moves Clause: Evasion moves are banned
|rule|Evasion Abilities Clause: Evasion abilities are banned
|rule|Sleep Moves Clause: Sleep-inducing moves are banned
|clearpoke
|poke|p1|Great Tusk|
|poke|p1|Zamazenta-*|
|poke|p1|Iron Valiant|
|poke|p1|Gallade, M|
|poke|p1|Kommo-o, M|
|poke|p1|Okidogi, M|
|poke|p2|Ting-Lu|
|poke|p2|Gliscor, M|
|poke|p2|Sinistcha-Masterpiece|
|poke|p2|Keldeo|
|poke|p2|Tinkaton, F|
|poke|p2|Dragonite, M|
|teampreview
|
|t:|1781025576
|teamsize|p1|6
|teamsize|p2|6
|start
|switch|p1a: Gallade|Gallade, M|100/100
|switch|p2a: Jarhead|Ting-Lu|100/100
|-ability|p2a: Jarhead|Vessel of Ruin
|turn|1
|
|t:|1781025579
|move|p1a: Gallade|Sacred Sword|p2a: Jarhead
|-supereffective|p2a: Jarhead
|-damage|p2a: Jarhead|14/100
|move|p2a: Jarhead|Spikes|p1a: Gallade
|-sidestart|p1: Jsparxs|Spikes
|
|-heal|p2a: Jarhead|20/100|[from] item: Leftovers
|upkeep
|turn|2
|
|t:|1781025590
|switch|p2a: Dance Armstrong|Gliscor, M|100/100
|move|p1a: Gallade|Triple Axel|p2a: Dance Armstrong
|-supereffective|p2a: Dance Armstrong
|-damage|p2a: Dance Armstrong|74/100
|-supereffective|p2a: Dance Armstrong
|-damage|p2a: Dance Armstrong|25/100
|-supereffective|p2a: Dance Armstrong
|-damage|p2a: Dance Armstrong|0 fnt
|faint|p2a: Dance Armstrong
|-hitcount|p2: Dance Armstrong|3
|
|upkeep
|j| DA COME UP
|-message|Slashutu forfeited.
|
|win|Jsparxs
|raw|Jsparxs's rating: 1589 &rarr; <strong>1610</strong><br />(+21 for winning)
|raw|Slashutu's rating: 1600 &rarr; <strong>1579</strong><br />(-21 for losing)
|l|☆Slashutu
|player|p2|
|l|☆Jsparxs
|player|p1|
|l| DA COME UP
