|j|☆StormIsNotOmega
|j|☆LowEL0God
|t:|1781238168
|gametype|singles
|player|p1|StormIsNotOmega|psychic-gen4|1518
|player|p2|LowEL0God|265|1584
|gen|9
|tier|[Gen 9] OU
|rated|
|rule|HP Percentage Mod: HP is shown in percentages
|rule|Endless Battle Clause: Forcing endless battles is banned
|rule|Species Clause: Limit one of each Pokémon
|rule|OHKO Clause: OHKO moves are banned
|rule|Evasion Items Clause: Evasion items are banned
|rule|Evasion Moves Clause: Evasion moves are banned
|rule|Evasion Abilities Clause: Evasion abilities are banned
|rule|Sleep Moves Clause: Sleep-inducing moves are banned
|clearpoke
|poke|p1|Moltres|
|poke|p1|Clodsire, M|
|poke|p1|Gliscor, F|
|poke|p1|Ting-Lu|
|poke|p1|Dondozo, F|
|poke|p1|Weezing-Galar, M|
|poke|p2|Pelipper, F|
|poke|p2|Raging Bolt|
|poke|p2|Overqwil, F|
|poke|p2|Barraskewda, M|
|poke|p2|Iron Treads|
|poke|p2|Kingambit, M|
|teampreview
|c|☆LowEL0God|hf
|inactive|Battle timer is ON: inactive players will automatically lose when time's up. (requested by LowEL0God)
|
|t:|1781238172
|teamsize|p1|6
|teamsize|p2|6
|start
|switch|p1a: Gliscor|Gliscor, F|100/100
|switch|p2a: Kingambit|Kingambit, M|100/100
|turn|1
|
|t:|1781238177
|move|p1a: Gliscor|Knock Off|p2a: Kingambit
|-resisted|p2a: Kingambit
|-damage|p2a: Kingambit|93/100
|-enditem|p2a: Kingambit|Leftovers|[from] move: Knock Off|[of] p1a: Gliscor
|move|p2a: Kingambit|Swords Dance|p2a: Kingambit
|-boost|p2a: Kingambit|atk|2
|
|-status|p1a: Gliscor|tox|[from] item: Toxic Orb
|upkeep
|turn|2
|
|t:|1781238185
|switch|p1a: Moltres|Moltres|100/100
|move|p2a: Kingambit|Swords Dance|p2a: Kingambit
|-boost|p2a: Kingambit|atk|2
|
|upkeep
|turn|3
|
|t:|1781238190
|move|p1a: Moltres|Will-O-Wisp|p2a: Kingambit|[miss]
|-miss|p1a: Moltres|p2a: Kingambit
|move|p2a: Kingambit|Kowtow Cleave|p1a: Moltres
|-damage|p1a: Moltres|0 fnt
|faint|p1a: Moltres
|
|upkeep
|-message|StormIsNotOmega forfeited.
|
|win|LowEL0God
|raw|StormIsNotOmega's rating: 1518 &rarr; <strong>1502</strong><br />(-16 for losing)
|raw|LowEL0God's rating: 1584 &rarr; <strong>1600</strong><br />(+16 for winning)
|l|☆StormIsNotOmega
|player|p1|
|c|☆LowEL0God|gg
|l|☆LowEL0God
|player|p2|
