|j|☆Mr Tpen
|j|☆Shampoogini
|t:|1781540182
|gametype|singles
|player|p1|Mr Tpen|169|1577
|player|p2|Shampoogini|266|1521
|gen|9
|tier|[Gen 9] OU
|rated|
|rule|HP Percentage Mod: HP is shown in percentages
|rule|Endless Battle Clause: Forcing endless battles is banned
|rule|Species Clause: Limit one of each Pokémon
|rule|OHKO Clause: OHKO moves are banned
|rule|Evasion Items Clause: Evasion items are banned
|rule|Evasion Moves Clause: Evasion moves are banned
|rule|Evasion Abilities Clause: Evasion abilities are banned
|rule|Sleep Moves Clause: Sleep-inducing moves are banned
|clearpoke
|poke|p1|Moltres|
|poke|p1|Corviknight, F|
|poke|p1|Gliscor, M|
|poke|p1|Ogerpon-Wellspring, F|
|poke|p1|Gholdengo|
|poke|p1|Hatterene, F|
|poke|p2|Serperior, F|
|poke|p2|Slowking-Galar, F|
|poke|p2|Ceruledge, F|
|poke|p2|Glimmora, F|
|poke|p2|Gliscor, M|
|poke|p2|Zamazenta-*|
|teampreview
|inactive|Battle timer is ON: inactive players will automatically lose when time's up. (requested by Mr Tpen)
|inactive|Shampoogini has 120 seconds left.
|
|t:|1781540226
|teamsize|p1|6
|teamsize|p2|6
|start
|switch|p1a: Gholdengo|Gholdengo|100/100
|switch|p2a: Serperior|Serperior, F|100/100
|turn|1
|inactive|Mr Tpen has 120 seconds left.
|
|t:|1781540274
|move|p1a: Gholdengo|Make It Rain|p2a: Serperior
|-damage|p2a: Serperior|29/100
|-unboost|p1a: Gholdengo|spa|1
|move|p2a: Serperior|Leaf Storm|p1a: Gholdengo
|-resisted|p1a: Gholdengo
|-damage|p1a: Gholdengo|81/100
|-boost|p2a: Serperior|spa|2
|
|-heal|p2a: Serperior|35/100|[from] item: Leftovers
|upkeep
|turn|2
|
|t:|1781540285
|switch|p2a: Ceruledge|Ceruledge, F|100/100
|move|p1a: Gholdengo|Make It Rain|p2a: Ceruledge
|-resisted|p2a: Ceruledge
|-damage|p2a: Ceruledge|79/100
|-unboost|p1a: Gholdengo|spa|1
|
|upkeep
|turn|3
|inactive|Mr Tpen has 120 seconds left.
|
|t:|1781540309
|switch|p1a: Ogerpon|Ogerpon-Wellspring, F|100/100
|move|p2a: Ceruledge|Swords Dance|p2a: Ceruledge
|-boost|p2a: Ceruledge|atk|2
|
|upkeep
|turn|4
|
|t:|1781540316
|-terastallize|p2a: Ceruledge|Fighting
|move|p1a: Ogerpon|Encore|p2a: Ceruledge
|-start|p2a: Ceruledge|Encore
|move|p2a: Ceruledge|Swords Dance|p2a: Ceruledge
|-boost|p2a: Ceruledge|atk|2
|
|upkeep
|turn|5
|-message|Shampoogini forfeited.
|
|win|Mr Tpen
|raw|Mr Tpen's rating: 1577 &rarr; <strong>1594</strong><br />(+17 for winning)
|raw|Shampoogini's rating: 1521 &rarr; <strong>1504</strong><br />(-17 for losing)
|l|☆Shampoogini
|player|p2|
|l|☆Mr Tpen
|player|p1|
