|j|☆meio_potato
|j|☆Jsparxs
|t:|1780952559
|gametype|singles
|player|p1|meio_potato|hilda-wonderlauncher|1506
|player|p2|Jsparxs|266|1618
|gen|9
|tier|[Gen 9] OU
|rated|
|rule|HP Percentage Mod: HP is shown in percentages
|rule|Endless Battle Clause: Forcing endless battles is banned
|rule|Species Clause: Limit one of each Pokémon
|rule|OHKO Clause: OHKO moves are banned
|rule|Evasion Items Clause: Evasion items are banned
|rule|Evasion Moves Clause: Evasion moves are banned
|rule|Evasion Abilities Clause: Evasion abilities are banned
|rule|Sleep Moves Clause: Sleep-inducing moves are banned
|clearpoke
|poke|p1|Latias, F|
|poke|p1|Polteageist|
|poke|p1|Zamazenta-*|
|poke|p1|Kingambit, M|
|poke|p1|Ogerpon-Wellspring, F|
|poke|p1|Iron Moth|
|poke|p2|Great Tusk|
|poke|p2|Zamazenta-*|
|poke|p2|Iron Valiant|
|poke|p2|Gallade, M|
|poke|p2|Kommo-o, M|
|poke|p2|Okidogi, M|
|teampreview
|inactive|Battle timer is ON: inactive players will automatically lose when time's up. (requested by meio_potato)
|c|☆Jsparxs|glhf
|
|t:|1780952584
|teamsize|p1|6
|teamsize|p2|6
|start
|switch|p1a: Latias|Latias, F|100/100
|switch|p2a: Gallade|Gallade, M|100/100
|turn|1
|
|t:|1780952605
|move|p1a: Latias|Agility|p1a: Latias
|-boost|p1a: Latias|spe|2
|move|p2a: Gallade|Night Slash|p1a: Latias
|-supereffective|p1a: Latias
|-damage|p1a: Latias|31/100
|-enditem|p1a: Latias|Weakness Policy
|-boost|p1a: Latias|atk|2|[from] item: Weakness Policy
|-boost|p1a: Latias|spa|2|[from] item: Weakness Policy
|
|upkeep
|turn|2
|
|t:|1780952615
|-terastallize|p1a: Latias|Fairy
|-terastallize|p2a: Gallade|Dark
|move|p1a: Latias|Draining Kiss|p2a: Gallade
|-supereffective|p2a: Gallade
|-damage|p2a: Gallade|42/100
|-heal|p1a: Latias|71/100|[from] drain|[of] p2a: Gallade
|move|p2a: Gallade|Night Slash|p1a: Latias
|-resisted|p1a: Latias
|-crit|p1a: Latias
|-damage|p1a: Latias|29/100
|
|upkeep
|turn|3
|c|☆Jsparxs|Fml
|c|☆Jsparxs|I have fought this thing before
|c|☆Jsparxs|why did I not psycho cut
|
|t:|1780952641
|move|p1a: Latias|Draining Kiss|p2a: Gallade
|-supereffective|p2a: Gallade
|-damage|p2a: Gallade|0 fnt
|-heal|p1a: Latias|58/100|[from] drain|[of] p2a: Gallade
|faint|p2a: Gallade
|
|upkeep
|c|☆meio_potato|dang ur team is so weak to fairy
|inactive|Jsparxs has 120 seconds left.
|
|t:|1780952657
|switch|p2a: Iron Valiant|Iron Valiant|100/100
|-enditem|p2a: Iron Valiant|Booster Energy
|-activate|p2a: Iron Valiant|ability: Quark Drive|[fromitem]
|-start|p2a: Iron Valiant|quarkdrivespe
|turn|4
|
|t:|1780952663
|move|p1a: Latias|Draining Kiss|p2a: Iron Valiant
|-supereffective|p2a: Iron Valiant
|-damage|p2a: Iron Valiant|0 fnt
|-heal|p1a: Latias|100/100|[from] drain|[of] p2a: Iron Valiant
|faint|p2a: Iron Valiant
|-end|p2a: Iron Valiant|Quark Drive|[silent]
|
|upkeep
|inactive|Jsparxs has 120 seconds left.
|c|☆Jsparxs|Honestly my team is normally fine but tera is really fucking annoying
|c|☆Jsparxs|ggs I guess, really biffed that one
|c|☆meio_potato|gg
|c|☆Jsparxs|5h sleep does shit to a guy
|inactive|Jsparxs has 90 seconds left.
|-message|Jsparxs forfeited.
|
|win|meio_potato
|raw|meio_potato's rating: 1483 &rarr; <strong>1510</strong><br />(+27 for winning)
|raw|Jsparxs's rating: 1618 &rarr; <strong>1591</strong><br />(-27 for losing)
|l|☆Jsparxs
|player|p2|
|l|☆meio_potato
|player|p1|
